2825 4634
405 1599 408 1606 ,
515 1503 838 1572 miasrmssmo
880 1504 1058 1573 rentem

309 1685 789 1814 seexeanro
849 1690 1255 1802 rrrresro,

417 1931 610 1998 seramus,
648 1931 674 1972 s.
708 1930 737 1972 ι.
770 1932 798 1970 ι.
837 1929 1147 1982 cruciamento.

268 2465 489 2576 Matthaeus
508 2497 680 2582 Decm'us,
701 2496 877 2566 avunculus
896 2518 1004 2582 meus,
1023 2496 1202 2568 Gerelinalis
1221 2525 1291 2570 em·

266 2633 427 2726 plissime,
454 2633 572 2700 multos
596 2631 724 2719 quidem
743 2629 843 2697 libros
863 2630 1007 2718 reliquit,
1029 2647 1099 2700 ecto
1118 2656 1157 2700 ec
1174 2634 1291 2722 viginti

266 2751 359 2819 annis
379 2773 399 2817 a
418 2773 453 2818 se
473 2749 683 2838 conscriptes3
711 2771 773 2834 quo
793 2762 934 2837 tempore
952 2748 989 2813 ir
1009 2763 1135 2816 tuorum
1155 2775 1290 2819 numero

265 2867 476 2938 familiarium
502 2867 542 2934 ed
569 2888 753 2954 supremum
776 2888 876 2951 usquc
899 2863 984 2933 vitae
1005 2865 1107 2951 diem,
1137 2891 1215 2954 quae
1235 2855 1290 2935 tus

266 2986 328 3052 fuit
349 3008 425 3073 erga
444 2983 539 3051 illum
558 2981 755 3066 humanitas,
777 2981 865 3048 domi
883 2995 956 3049 tuae
975 2998 1117 3051 versatus
1138 2999 1195 3054 est.
1234 2985 1290 3053 Ex
1369 2988 1372 2997 '

267 3103 381 3190 quibus
412 3124 472 3189 ego
502 3100 595 3168 libris
623 3100 708 3166 hunc
738 3097 954 3189 potissimum,
983 3124 1076 3186 quem
1097 3099 1136 3166 de
1153 3127 1292 3186 graecae

266 3223 397 3304 lingum
419 3220 589 3305 particulis
617 3215 794 3305 inscripsit,
821 3215 1036 3307 iampridem
1062 3232 1231 3286 statueram
1253 3220 1291 3286 in

264 3337 373 3404 lucem
401 3334 504 3402 edere.
548 3335 739 3420 Quanquam
764 3333 912 3399 diuturna
939 3348 971 3400 et
999 3349 1140 3401 accurate
1159 3359 1290 3422 graeco·
1407 3416 1408 3423 ἵ

265 3477 340 3520 rum
367 3449 526 3518 librorum
553 3449 737 3517 tractatione
767 3449 849 3517 illue
877 3464 945 3517 erat
971 3433 1066 3517 sicile
1093 3469 1291 3538 consecutus,

264 3583 320 3666 pt,
346 3567 417 3655 quis
444 3582 525 3635 esset
550 3590 737 3654 graecarum
763 3567 992 3656 particularum
1020 3592 1114 3653 usus,
1141 3569 1291 3655 quaevis
1407 3594 1408 3597 ¹

170 3763 174 3768 ,
265 3711 304 3752 sc
324 3685 433 3771 notio,
454 3708 520 3752 non
539 3685 633 3752 modo
653 3684 723 3774 ipse
744 3686 933 3776 perspiceret
952 3709 992 3752 ac
1010 3699 1148 3770 tereret,
1178 3710 1292 3752 verum

265 3802 338 3870 eliis
365 3826 490 3891 quoque
516 3801 639 3871 tradere
669 3818 793 3890 posset,
826 3805 925 3891 deque
953 3801 1084 3869 illerum
1109 3815 1221 3868 natura
1240 3803 1292 3868 fe·
1407 3846 1408 3871 t

266 3918 385 3988 cillime
417 3920 585 4009 disputare.
638 3917 716 3984 Huc
739 3918 877 4003 accedit,
906 3917 990 4005 quoi
1015 3915 1082 3985 viri
1108 3918 1191 3985 docti
1218 3942 1292 4010 per·
1407 3944 1408 3955 ¹

235 4036 375 4122 ¹multi,
406 4051 438 4103 et
466 4057 598 4123 graecae
625 4033 758 4121 linguae
788 4032 991 4126 peritissimi,
1017 4059 1085 4102 nen
1114 4036 1211 4101 semel
1240 4058 1293 4102 me

267 4153 421 4222 cohortati
445 4167 535 4239 sunt,
562 4166 603 4224 ut.
617 4151 679 4221 hcc
699 4175 778 4243 epus
796 4149 832 4222 ia
851 4149 1020 4224 henn'num
1040 4151 1221 4245 adspectum
1241 4142 1292 4221 li·
