2825 4634
247 295 290 343 rr
315 376 317 382 ‚
421 347 425 362 ‚
619 263 882 343 Praefatio.

246 472 313 547 sed
331 493 467 571 perum
490 466 722 543 considerato
749 466 971 562 addidisset,
1004 470 1121 547 altero
1146 483 1271 549 autem
1404 476 1406 515 z

166 700 170 702 -
246 589 437 703 volumine
479 611 525 662 ea
570 585 773 681 exhibere,
812 609 909 685 quae
943 587 1023 687 ipse
1063 581 1271 669 adnotanda

247 717 437 810 putarem*

347 878 495 952 Interea
525 865 612 946 etun
636 873 766 946 Matth.
791 874 976 949 Devarius
1012 901 1109 978 qliae
1142 858 1271 953 ediulrt

250 997 443 1094 exempla,
470 992 605 1090 quibus
627 1014 649 1064 e
671 991 761 1066 locis
785 992 900 1088 petita
927 1002 1060 1088 essent,
1087 1021 1157 1092 pro
1180 1019 1250 1071 con

248 1115 441 1193 suetudine
482 1101 580 1183 illius
620 1108 821 1208 tempore,
866 1137 942 1208 quo
983 1114 1151 1210 scripsit,
1195 1140 1271 1189 non

249 1236 335 1311 setis
369 1229 662 1333 significavisset,
699 1252 856 1327 operam
887 1231 997 1324 dedi,
1036 1242 1078 1304 ut
1108 1256 1269 1327 numerr,

250 1353 374 1453 quoad
408 1351 487 1423 eius
517 1346 611 1419 fieri¹
625 1354 770 1444 posset,
804 1347 937 1448 singuli
958 1349 1270 1425 adscriberentur.

249 1475 333 1574 Qua
356 1471 396 1544 in
420 1491 463 1541 re
488 1463 638 1540 etiarnsi
657 1465 689 1538 I.
717 1465 765 1540 (i.
791 1465 1018 1540 Reusmanni
1041 1493 1156 1565 opera
1184 1493 1270 1544 era-

246 1617 332 1682 mus
360 1584 496 1678 adiuti,
527 1591 653 1658 temen
677 1583 822 1675 omnia,
848 1610 946 1658 nune
971 1588 1172 1683 exquirere
1194 1615 1271 1662 non

247 1708 459 1812 potuim,
483 1710 525 1776 ut
549 1723 645 1799 quae
658 1702 932 1798 'praetermissa
955 1703 1044 1798 sint,
1071 1705 1177 1779 alteri
1198 1732 1269 1781 vo-

247 1827 399 1919 lumini,
432 1822 536 1920 quod
573 1843 618 1892 ea
652 1843 750 1915 quae
772 1820 883 1893 instat
909 1821 1035 1895 hieme
1059 1825 1269 1900 absolutum

245 1949 295 2022 iri
318 1964 529 2043 speramur,
560 1943 700 2010 restent
723 1938 951 2035 praestanda.

343 2181 408 2258 Sie
445 2175 573 2276 igitur
599 2179 789 2286 optemus,
825 2182 884 2247 ut
891 2198 1022 2275 neque
1059 2178 1265 2285 eonsilium

245 2301 346 2400 quod
376 2295 562 2395 cepimus,
595 2314 718 2389 neque
740 2273 864 2385 ratis,
894 2319 968 2389 qua
992 2295 1033 2368 id
1056 2320 1267 2397 exsequen-

174 2489 176 2491 ,
244 2419 336 2494 dum
373 2411 605 2526 putavimuS,
640 2406 854 2485 hominibus
891 2412 1030 2488 herum
1053 2401 1295 2492 litterarum

242 2536 371 2654 peritis
395 2518 640 2630 improbetur.

341 2766 485 2880 Scripsi
517 2763 668 2862 Lipsiae
700 2763 762 2876 die
781 2743 905 2840 XVI.
937 2732 1057 2877 ruens.
1084 2770 1260 2868 Septem
1311 2824 1315 2834 .

239 2877 317 2968 bris
343 2873 694 2966 MDCCCXXXIV.

1001 3235 1057 3337 B.
1088 3241 1145 3327 K.

1403 338 1406 457 Ι

1404 1986 1406 2119 t

1404 2178 1406 2283 t
