2825 4634
122 301 125 306 '
233 254 352 352 vr·
460 359 465 372 ¹
610 281 871 355 Praefatio.

232 460 375 550 appositu
398 459 510 545 efficit,
535 476 569 526 ut
593 463 677 548 qnod
698 461 755 530 illa
776 460 897 547 alioqui
916 459 988 525 fieri
1008 462 1168 531 factumve
1189 488 1258 532 esse

233 577 463 664 significarent,
490 577 525 644 id
552 604 643 668 posse
668 595 809 663 tantum,
840 592 894 644 ant
910 580 1047 664 potense
1063 580 1142 664 fieri
1157 581 1259 667 signi·

233 695 345 778 ἧιοιιιςΙ
364 709 417 777 ιιι,
449 695 478 762 si
497 695 596 779 dicas,
622 692 755 786 ἔγραψα
776 691 825 773 iio,
838 718 903 761 non
924 694 1018 784 ponis
1037 709 1069 761 te
1088 700 1259 785 scripasu,

234 811 290 878 sed
319 814 456 899 potuim
485 814 633 882 scribere.
685 812 786 898 quue
814 835 931 878 munus
956 835 1052 879 voces
1079 813 1262 882 huiusmodi

233 944 409 1020 praestant,
441 943 496 994 aut
523 953 582 1017 per
609 953 643 996 se
669 929 815 1016 singulae
839 909 981 1017 positae,
1012 945 1067 996 aut
1087 931 1169 997 aliae
1188 933 1261 1000 aliis

219 1019 320 1112 'inter
345 1069 381 1112 se
402 1017 485 1112 ceria
507 1047 643 1132 quadam
663 1047 785 1113 ratione
806 1043 1000 1113 coniunctae.
1043 1045 1085 1113 Iu
1106 1070 1168 1134 qua
1188 1051 1261 1138 qui-

169 1143 171 1147 .
236 1164 308 1230 dem
331 1162 514 1230 huiusmodi
539 1185 659 1230 vocum
685 1162 923 1248 coniunctione,
944 1162 973 1230 si
992 1187 1084 1231 suam
1103 1190 1260 1253 unaquae-

237 1303 298 1366 que
321 1279 388 1348 vim
416 1279 639 1367 notionemque
666 1280 839 1364 retineant,
868 1296 944 1348 tunc
963 1282 999 1347 in
1022 1283 1263 1358 constructionis

236 1398 427 1463 resolutione
458 1398 498 1463 ad
530 1397 655 1465 diversa
690 1398 837 1483 singulae
866 1397 1064 1464 referuntur:
1102 1399 1152 1465 sin
1182 1401 1263 1466 dnae

236 1516 291 1581 vel
317 1530 380 1582 tres
406 1538 506 1582 uuum
535 1537 664 1580 sensum
694 1513 879 1598 conficiant,
905 1529 937 1581 et
966 1514 1012 1582 ita
1031 1515 1069 1581 in
1086 1506 1214 1601 uuum,
1229 1533 1265 1584 ιιι

235 1629 280 1698 ita
299 1629 420 1714 dicam,
449 1631 643 1722 conspirent,
666 1631 721 1714 fit,
741 1644 778 1697 ut
797 1653 895 1696 unam
916 1631 983 1699 eius
1005 1631 1127 1722 ordinis
1147 1657 1261 1702 vocem

237 1763 358 1816 ceterae
388 1748 540 1816 adiuvent
568 1771 719 1834 suamque
749 1747 837 1837 ipsae
869 1747 1131 1833 significationem
1164 1751 1262 1840 depo·

236 1881 325 1932 nant.
376 1865 451 1950 Quo
480 1868 536 1949 fit,
568 1871 604 1932 nt
636 1889 678 1930 ex
708 1863 854 1951 pluribus
878 1864 1012 1932 vocibus
1036 1840 1266 1954 nonnunquam¹

237 1983 333 2049 simul
360 1981 476 2048 iunctis
504 2004 613 2047 sensus
639 1982 694 2046 fiat
722 1979 846 2045 nullius
867 1981 956 2046 vocis
975 1983 1123 2070 proprius
1142 2008 1263 2069 earum,

239 2120 319 2184 quaa
345 2098 465 2186 positae
493 2114 583 2180 sunt,
608 2096 768 2163 interdum
787 2096 883 2162 etiam
902 2098 942 2162 ab
964 2099 1110 2163 omnibus
1129 2099 1264 2185 alienus,

238 2231 275 2282 nt
298 2215 333 2282 iu
360 2208 476 2283 iiiioos
496 2228 527 2281 et
552 2209 713 2304 ἔὶλλοτιῆ
737 2212 1037 2282 demonstrabimus.
1078 2213 1164 2283 Nam
1183 2215 1265 2282 illut

240 2330 388 2422 inprimis
439 2330 753 2398 animadvertendum
802 2344 867 2414 est,
919 2329 1086 2418 permagni
1132 2333 1267 2419 referre,¹

240 2465 347 2517 utruun
387 2448 559 2538 particulae
599 2448 679 2512 duaa
711 2448 763 2514 vel
791 2449 918 2536 plures,
951 2470 1009 2536 per
1038 2449 1267 2539 appositionem

241 2569 416 2658 quanm,
444 2580 480 2632 ιιι
507 2565 551 2631 ita
578 2563 700 2648 dicam,
731 2578 962 2650 aggregentur,
982 2564 1019 2631 in
1039 2587 1101 2650 qua
1122 2566 1268 2654 singulae

219 2687 309 2776 ,vim
340 2703 432 2753 suam
462 2697 493 2748 et
520 2679 782 2768 significationem
811 2680 983 2764 retineant,
1019 2704 1063 2748 au
1092 2683 1134 2748 ad
1164 2699 1267 2760 certae

241 2802 405 2873 uuiusdm
425 2815 456 2868 et
476 2798 623 2892 propriae
642 2812 736 2866 notae
753 2797 1006 2865 constitutionem
1024 2798 1266 2888 coniungantur.

242 2922 334 3014 Quae
367 2919 454 2986 enim
483 2932 582 2984 certas
609 2939 646 2982 ac
673 2913 819 3006 proprias
844 2930 935 2982 notas
958 2915 1169 3003 constituunt,
1196 2919 1266 2989 sira

241 3039 321 3106 duae
340 3036 421 3120 sint,
443 3035 513 3102 sive
531 3035 660 3126 plures,
687 3032 723 3102 in
742 3056 840 3101 unam
859 3032 1121 3119 significationem
1141 3038 1265 3120 coiunt,

243 3173 291 3240 et,
315 3170 351 3220 ut
377 3136 506 3220 dictnm'
519 3165 583 3234 est,
613 3165 667 3217 aut
686 3174 770 3238 una,
792 3166 846 3218 aut
868 3173 977 3218 omnes
996 3172 1088 3216 suam
1106 3149 1266 3238 siguifica-

243 3272 361 3340 tiouem
380 3269 548 3335 immutant
567 3291 624 3334 seu
646 3267 823 3358 deponunt,
859 3268 913 3336 vel
932 3267 1029 3335 etiam
1046 3267 1141 3334 unius
1162 3269 1264 3358 sigui-

242 3387 421 3456 ficationem
447 3383 619 3466 adiuvant,
652 3400 687 3452 ut
708 3380 740 3450 εἰ
761 3382 998 3466 conditionalis,
1028 3383 1064 3450 in
1088 3380 1119 3452 ai
1138 3386 1184 3475 μὴ
1207 3411 1266 3457 ex-

244 3505 385 3597 ceptivaa
406 3498 638 3570 cruentatione.
680 3497 720 3568 Si
738 3499 774 3566 in
793 3492 940 3574 ittam
959 3514 991 3566 et
1015 3500 1072 3568 καὶ
1092 3506 1210 3580 ταῦτα,
1230 3503 1265 3571 id

245 3641 309 3706 eet,
330 3623 471 3713 alioquin
488 3633 518 3686 et
534 3621 737 3708 praesmissa,
764 3616 858 3685 binae
878 3616 1050 3707 particulae
1070 3616 1107 3684 iu
1127 3619 1268 3708 quatita

245 3763 323 3810 voce
342 3739 377 3808 iu
396 3761 497 3808 unum
514 3757 641 3804 sensum
662 3735 856 3806 conveniunt
862 3781 874 3819 ‚
906 3734 961 3826 qui
980 3734 1122 3802 neutrius
1140 3758 1267 3806 sermm

246 3855 338 3946 sapit.
379 3853 445 3924 Eae
474 3877 569 3936 vero,
597 3873 676 3940 quae
704 3845 762 3941 uer
790 3852 1017 3945 appositionem
1043 3870 1266 3940 aggregantur,

247 3977 328 4043 sicut
354 3999 373 4040 a
400 3997 435 4040 se
453 3970 597 4042 invioem
612 3973 733 4038 solutae
752 3987 844 4056 sunt,
865 3971 909 4040 ita
930 3992 973 4035 ex
992 3967 1070 4060 ipsis
1088 3969 1171 4038 nihil
1190 3995 1270 4040 eva·‚

246 4091 308 4178 dir,
326 4091 408 4180 quod
430 4113 528 4166 unum
550 4088 608 4172 sit3
629 4089 684 4156 sed
704 4089 744 4154 ad
765 4087 890 4158 diversa
913 4087 1055 4174 singulae
1074 4090 1268 4176 referuntur,
