2825 4634
274 318 333 365 xx
442 285 446 316 ¹
660 292 918 371 Praelatio.
1031 318 1036 336 ·

272 483 336 542 'nus
361 475 530 543 hominum
556 467 738 566 pervenire,
764 477 1030 565 quemadmodum
1055 453 1221 545 haec‘iam
1241 478 1307 544 dis·

277 592 397 682 putatio
419 595 457 660 de
477 595 640 683 particulis
661 596 784 686 prodit,
808 595 1003 663 auctoritatis
1022 610 1094 663 tuae
1114 597 1194 664 fulta
1213 619 1308 684 prae·

279 709 380 778 sidio:
412 726 503 797 atque
533 714 578 780 ita
604 714 731 804 prodit,
758 728 794 779 ut
821 738 895 797 cum
922 714 1024 803 eidem
1049 717 1162 781 Fulvio
1195 715 1309 780 Ursino

278 827 386 913 tuique
405 830 653 915 studiosissimo,
676 807 745 897 tum
765 833 883 898 Sirlcto
906 830 990 919 ipsi,
1009 829 1191 913 cardinali,
1211 831 1308 898 velue·

279 961 403 1016 menter
428 949 560 1036 probata
586 949 643 1031 sit,
672 948 844 1033 eademque
872 970 892 1014 a
919 952 970 1015 M.
998 949 1139 1017 Antonio
1165 950 1308 1028 Marcio,

280 1064 374 1151 paulu
402 1079 475 1130 aute
504 1043 603 1151 quam
620 1057 725 1134 e'vita
746 1065 936 1149 discederet,
962 1080 1107 1132 accurate
1125 1063 1306 1149 recognita:
1399 1100 1401 1113 ›

280 1180 319 1246 de
346 1180 435 1247 cuius
463 1182 526 1249 viri
552 1183 712 1267 doctrina,
743 1182 937 1268 eloquentia,
968 1207 1100 1268 graecae
1130 1182 1307 1266 latinaeque

279 1297 411 1386 linguae
437 1298 566 1367 scientia
593 1301 669 1388 quid
696 1299 805 1366 attinet
828 1299 954 1366 dicere?
981 1324 1055 1366 cum
1081 1299 1164 1366 inter
1185 1323 1305 1381 omues,
1374 1347 1379 1352 -

184 1421 200 1446 ⁰
281 1415 337 1502 qni
356 1403 440 1483 recte
461 1417 617 1500 sentiunt,
643 1433 679 1485 ut
698 1433 792 1506 puto,
813 1417 1000 1500 conveniat,
1023 1440 1098 1484 eum
1119 1417 1308 1498 eruditione,

280 1531 408 1598 dicendi
431 1535 597 1619 facultate,
625 1558 871 1622 graecarumque
896 1534 1063 1600 literarum
1081 1535 1176 1601 laudo
1198 1549 1309 1601 nostra

280 1664 380 1717 aetate
409 1675 500 1739 parea
529 1654 678 1744 fortasse,
711 1668 747 1720 ut
780 1652 894 1722 leviter
924 1652 1046 1735 dicam,
1084 1651 1304 1740 paucissimos,

278 1767 474 1856 superiorem
506 1785 589 1836 certe
620 1771 770 1837 habuisse
800 1769 971 1837 neminem.
1024 1768 1094 1834 lam
1122 1793 1199 1836 vero
1224 1769 1307 1834 sieut

276 1885 343 1952 mei
362 1885 513 1952 avunculi
532 1887 699 1954 consilium
719 1888 803 1953 illud
822 1902 907 1971 erat,
926 1902 962 1951 ut
979 1885 1160 1952 Concilium
1179 1909 1305 1953 summo

276 2001 426 2070 Pontifici
454 2001 667 2087 dedicaretur,
699 2005 784 2088 quod
810 2003 874 2092 ipsi
901 2019 982 2071 esset
999 2004 1082 2070 illud
1103 1985 1264 2090 negotium
1282 2027 1304 2070 a

276 2143 401 2186 summo
423 2118 575 2187 Pontifica
596 2122 721 2203 datum,
746 2119 792 2185 ita
811 2122 873 2189 hoc
894 2123 1083 2207 opusculum
1104 2121 1143 2187 de
1162 2121 1304 2212 particu-

274 2235 328 2316 lis,
345 2237 460 2325 qnippe
475 2237 751 2326 proprinmfetum
762 2261 914 2320 ausuum,
930 2238 976 2302 tui
985 2237 1151 2324 splendore
1160 2239 1302 2306 nominis

273 2353 427 2420 illustrari
455 2354 615 2444 cupiebat3
642 2379 755 2443 nempe
781 2354 871 2421 cuius
899 2355 1030 2437 domus,
1061 2372 1098 2420 ut
1123 2370 1195 2422 aute
1217 2355 1300 2438 dixi,

272 2493 399 2559 semper
417 2471 516 2550 doctis
536 2472 617 2540 viris
636 2497 674 2540 ac
691 2470 881 2560 sapientibus
901 2472 1020 2561 patuit,
1049 2495 1184 2558 quorum
1204 2497 1302 2541 voces

187 2653 192 2664 ,
271 2603 304 2653 te
329 2587 494 2670 iaminde
521 2613 541 2656 a
563 2590 697 2679 pueritia
719 2614 818 2676 usque
839 2590 917 2658 adeo
937 2591 1151 2670 delectarunt,
1170 2604 1206 2656 ut
1225 2615 1300 2657 cum

240 2764 244 2772 f
270 2703 400 2772 illorum
420 2706 630 2791 sermonibus,
645 2722 744 2794 atque
762 2706 884 2793 ingenii
905 2707 952 2775 tui
971 2707 1160 2800 ppaeetautia
1180 2684 1299 2775 animi·

87 2873 91 2880 .
181 2868 184 2878 ,
270 2844 331 2909 que
350 2822 466 2890 virtnte
485 2846 617 2910 magnas
637 2824 696 2890 tibi
717 2824 790 2914 opes
810 2824 972 2913 paraveris
984 2823 1191 2913 prudentiae,
1220 2848 1297 2891 cou-

268 2938 353 3023 ailii,
382 2941 545 3026 gravitatis
552 2966 563 3024 3
592 2957 622 3008 te
649 2966 735 3008 nunc
761 2943 797 3008 in
816 2964 907 3008 sacro
926 2941 1059 3007 Petrum
1080 2941 1302 3029 amplissimo·
1397 2942 1398 2967 ¹

185 3047 191 3066 '
266 3076 345 3123 rum·
365 3056 509 3146 collegio
528 3059 706 3150 principem
728 3061 837 3126 locum
856 3074 983 3142 tenere,
1003 3073 1095 3144 teque
1114 3082 1215 3124 uuum
1233 3061 1297 3152 uui
1328 3143 1332 3153 Ι

266 3171 362 3242 Ροιιι.
389 3175 478 3264 Max.
509 3178 684 3244 secundnm
710 3201 777 3244 esse
802 3175 873 3242 iure
899 3178 1069 3243 laetemur:
1093 3189 1125 3242 te
1146 3178 1294 3264 denique,

185 3343 188 3352 .
266 3288 456 3357 aihumaua
475 3317 527 3360 res
547 3309 633 3360 tanta
653 3295 818 3384 pendenda
836 3292 953 3359 iudicio
973 3292 1024 3376 sit,
1045 3291 1104 3359 illo
1122 3292 1192 3382 ipso
1208 3296 1294 3364 loco.

267 3431 330 3492 quo
351 3410 460 3474 nullus
483 3424 529 3475 est
549 3410 584 3476 in
604 3411 697 3476 terris
711 3396 850 3493 celsior,
872 3432 939 3475 csse
962 3408 1185 3496 dignissimum
1204 3413 1294 3478 arbi·

264 3540 399 3594 tremur.
446 3525 534 3612 Ergo
563 3527 639 3594 dum
664 3541 722 3594 tuo
742 3524 936 3615 patrocinio,
960 3522 1140 3594 Gurdinalis
1161 3529 1294 3616 amplis·
1396 3546 1397 3591 3

264 3629 347 3709 sime
376 3658 468 3730 atque
502 3643 637 3732 optime,
668 3659 772 3711 tutum
802 3666 869 3710 esse
895 3641 1040 3710 libellum
1067 3645 1171 3730 hunc,
1199 3662 1294 3734 atque
1396 3638 1397 3643 ¹

154 3797 162 3808 -
267 3774 414 3828 ornatum
438 3762 532 3843 volo,
559 3762 673 3845 simul,
702 3761 814 3846 credo,
835 3760 987 3828 Auctoris
1010 3762 1146 3829 videbor
1162 3763 1294 3853 obsequi

267 3877 442 3959 voluntati,
473 3895 504 3944 et
534 3879 657 3945 milri'
646 3901 714 3968 rpse
742 3901 865 3965 quoque
890 3879 997 3963 aliqua
1023 3901 1067 3943 ex
1092 3895 1180 3967 parte
1198 3883 1295 3949 satis·
1342 3939 1346 3952 .

138 4083 144 4094 Ι
267 3995 390 4079 facere,
420 3995 475 4082 qui
503 4019 569 4062 uon
595 3996 701 4064 minus
727 3997 879 4087 profiteor
897 4017 950 4060 me
969 3992 1201 4084 Ampliudinis
1219 4014 1294 4067 tuae

268 4114 445 4180 studiosum
473 4136 541 4180 esse
561 4115 744 4200 cultorem,
773 4136 870 4201 quam
895 4112 951 4181 vel
977 4115 1156 4182 auunculus
1181 4115 1291 4201 fuerit,
1395 4050 1396 4227 1
