<?xml version="1.0" encoding="UTF-8"?>
<!DOCTYPE html PUBLIC "-//W3C//DTD XHTML 1.0 Transitional//EN"
    "http://www.w3.org/TR/xhtml1/DTD/xhtml1-transitional.dtd">
<html xmlns="http://www.w3.org/1999/xhtml" xml:lang="en" lang="en">
 <head>
  <title>
</title>
<meta http-equiv="Content-Type" content="text/html;charset=utf-8" />
  <meta name='ocr-system' content='tesseract 3.04.00' />
  <meta name='ocr-capabilities' content='ocr_page ocr_carea ocr_par ocr_line ocrx_word'/>
</head>
<body>
  <div class='ocr_page' id='page_1' title='image "./matthaeidevarii00devagoog/matthaeidevarii00devagoog_0068.png"; bbox 0 0 2825 4634; ppageno 0'>
   <div class='ocr_carea' id='block_1_1' title="bbox 282 275 839 354">
    <p class='ocr_par' dir='ltr' id='par_1_1' title="bbox 282 275 839 354">
     <span class='ocr_line' id='line_1_1' title="bbox 282 275 839 354; baseline -0.009 0"><span class='ocrx_word' id='word_1_1' title='bbox 282 285 326 354; x_wconf 68' lang='lat'><strong>32</strong></span> <span class='ocrx_word' id='word_1_2' title='bbox 774 275 839 350; x_wconf 71' lang='grc' dir='ltr'><strong><em>ὄν.-</em></strong></span> 
     </span>
    </p>
   </div>
   <div class='ocr_carea' id='block_1_2' title="bbox 130 453 1407 2616">
    <p class='ocr_par' dir='ltr' id='par_1_2' title="bbox 277 453 1407 1128">
     <span class='ocr_line' id='line_1_2' title="bbox 277 453 1323 533; baseline 0.017 -27"><span class='ocrx_word' id='word_1_3' title='bbox 277 493 281 506; x_wconf 90' lang='grc'><strong><em>,</em></strong></span> <span class='ocrx_word' id='word_1_4' title='bbox 351 454 406 517; x_wconf 72' lang='grc' dir='ltr'><strong>Ίυ</strong></span> <span class='ocrx_word' id='word_1_5' title='bbox 424 455 545 520; x_wconf 78' lang='lat' dir='ltr'><strong>materia</strong></span> <span class='ocrx_word' id='word_1_6' title='bbox 565 453 681 531; x_wconf 79' lang='lat' dir='ltr'><strong>quidem</strong></span> <span class='ocrx_word' id='word_1_7' title='bbox 706 457 891 533; x_wconf 86' lang='lat' dir='ltr'><strong>necessaria,</strong></span> <span class='ocrx_word' id='word_1_8' title='bbox 912 457 977 518; x_wconf 79' lang='lat' dir='ltr'><strong>sire</strong></span> <span class='ocrx_word' id='word_1_9' title='bbox 1000 457 1130 520; x_wconf 85' lang='lat' dir='ltr'><strong>absolute</strong></span> <span class='ocrx_word' id='word_1_10' title='bbox 1170 463 1237 522; x_wconf 78' lang='lat' dir='ltr'><strong>sive</strong></span> <span class='ocrx_word' id='word_1_11' title='bbox 1258 482 1323 523; x_wconf 87' lang='lat' dir='ltr'><strong>cum</strong></span> 
     </span>
     <span class='ocr_line' id='line_1_3' title="bbox 277 535 1323 622; baseline 0.005 -24"><span class='ocrx_word' id='word_1_12' title='bbox 277 535 452 602; x_wconf 75' lang='lat' dir='ltr'><strong>‚conditione</strong></span> <span class='ocrx_word' id='word_1_13' title='bbox 480 542 645 600; x_wconf 72' lang='lat' dir='ltr'><strong>enuntietur</strong></span> <span class='ocrx_word' id='word_1_14' title='bbox 668 537 812 599; x_wconf 86' lang='lat' dir='ltr'><strong>Futurum</strong></span> <span class='ocrx_word' id='word_1_15' title='bbox 834 540 1004 617; x_wconf 80' lang='lat' dir='ltr'><strong>Iudicativi,</strong></span> <span class='ocrx_word' id='word_1_16' title='bbox 1036 564 1102 603; x_wconf 77' lang='lat' dir='ltr'><strong>erim</strong></span> <span class='ocrx_word' id='word_1_17' title='bbox 1122 568 1162 608; x_wconf 88' lang='grc' dir='ltr'><strong><em>αν</em></strong></span> <span class='ocrx_word' id='word_1_18' title='bbox 1180 547 1323 622; x_wconf 86' lang='lat' dir='ltr'><strong>particula</strong></span> 
     </span>
     <span class='ocr_line' id='line_1_4' title="bbox 283 622 1323 706; baseline 0.003 -22"><span class='ocrx_word' id='word_1_19' title='bbox 283 647 347 686; x_wconf 85' lang='lat' dir='ltr'><strong>noa</strong></span> <span class='ocrx_word' id='word_1_20' title='bbox 376 625 541 700; x_wconf 82' lang='lat' dir='ltr'><strong>colligatur:</strong></span> <span class='ocrx_word' id='word_1_21' title='bbox 570 625 603 680; x_wconf 91' lang='lat' dir='ltr'><strong>in</strong></span> <span class='ocrx_word' id='word_1_22' title='bbox 628 622 825 702; x_wconf 69' lang='lat' dir='ltr'><strong>contingenti</strong></span> <span class='ocrx_word' id='word_1_23' title='bbox 843 646 913 684; x_wconf 82' lang='lat' dir='ltr'><strong>vero</strong></span> <span class='ocrx_word' id='word_1_24' title='bbox 933 625 1069 689; x_wconf 69' lang='grc' dir='ltr'><strong><em>ιιιαεευία</em></strong></span> <span class='ocrx_word' id='word_1_25' title='bbox 1088 627 1166 687; x_wconf 85' lang='lat' dir='ltr'><strong>nihil</strong></span> <span class='ocrx_word' id='word_1_26' title='bbox 1186 628 1323 706; x_wconf 85' lang='lat' dir='ltr'><strong>prohibet</strong></span> 
     </span>
     <span class='ocr_line' id='line_1_5' title="bbox 284 697 1322 794; baseline 0.007 -26"><span class='ocrx_word' id='word_1_27' title='bbox 284 709 311 768; x_wconf 87' lang='lat' dir='ltr'><strong>F</strong></span> <span class='ocrx_word' id='word_1_28' title='bbox 313 720 427 770; x_wconf 80' lang='lat' dir='ltr'><strong>utunmr</strong></span> <span class='ocrx_word' id='word_1_29' title='bbox 443 707 595 766; x_wconf 83' lang='lat' dir='ltr'><strong>ludicativi</strong></span> <span class='ocrx_word' id='word_1_30' title='bbox 610 707 689 766; x_wconf 89' lang='lat' dir='ltr'><strong>modi</strong></span> <span class='ocrx_word' id='word_1_31' title='bbox 711 697 752 768; x_wconf 68' lang='grc' dir='ltr'><strong>ἂν</strong></span> <span class='ocrx_word' id='word_1_32' title='bbox 771 708 940 782; x_wconf 77' lang='lat' dir='ltr'><strong>particulam</strong></span> <span class='ocrx_word' id='word_1_33' title='bbox 960 709 1110 769; x_wconf 73' lang='lat' dir='ltr'><strong>admittere</strong></span> <span class='ocrx_word' id='word_1_34' title='bbox 1132 709 1322 794; x_wconf 78' lang='grc' dir='ltr'><strong><em>δυνητικῶς,</em></strong></span> 
     </span>
     <span class='ocr_line' id='line_1_6' title="bbox 285 790 1322 870; baseline 0.001 -17"><span class='ocrx_word' id='word_1_35' title='bbox 285 815 351 852; x_wconf 88' lang='lat' dir='ltr'><strong>cum</strong></span> <span class='ocrx_word' id='word_1_36' title='bbox 378 793 414 852; x_wconf 88' lang='lat' dir='ltr'><strong>de</strong></span> <span class='ocrx_word' id='word_1_37' title='bbox 441 800 545 850; x_wconf 87' lang='lat' dir='ltr'><strong>natura</strong></span> <span class='ocrx_word' id='word_1_38' title='bbox 564 790 654 848; x_wconf 84' lang='lat' dir='ltr'><strong>futuri</strong></span> <span class='ocrx_word' id='word_1_39' title='bbox 675 793 870 867; x_wconf 79' lang='lat' dir='ltr'><strong>contingentis</strong></span> <span class='ocrx_word' id='word_1_40' title='bbox 890 794 944 867; x_wconf 89' lang='lat' dir='ltr'><strong>sit,</strong></span> <span class='ocrx_word' id='word_1_41' title='bbox 964 792 1040 850; x_wconf 85' lang='lat' dir='ltr'><strong>nihil</strong></span> <span class='ocrx_word' id='word_1_42' title='bbox 1060 793 1180 854; x_wconf 83' lang='lat' dir='ltr'><strong>delinito</strong></span> <span class='ocrx_word' id='word_1_43' title='bbox 1199 815 1322 870; x_wconf 90' lang='lat' dir='ltr'><strong>ponere.</strong></span> 
     </span>
     <span class='ocr_line' id='line_1_7' title="bbox 285 867 1323 961; baseline 0.005 -25"><span class='ocrx_word' id='word_1_44' title='bbox 285 875 419 946; x_wconf 83' lang='lat' dir='ltr'><strong>Galenus</strong></span> <span class='ocrx_word' id='word_1_45' title='bbox 437 877 470 934; x_wconf 90' lang='lat' dir='ltr'><strong>in</strong></span> <span class='ocrx_word' id='word_1_46' title='bbox 492 875 587 950; x_wconf 89' lang='lat' dir='ltr'><strong>primo</strong></span> <span class='ocrx_word' id='word_1_47' title='bbox 608 873 645 933; x_wconf 85' lang='lat' dir='ltr'><strong>de</strong></span> <span class='ocrx_word' id='word_1_48' title='bbox 666 895 745 934; x_wconf 83' lang='lat' dir='ltr'><strong>caus.</strong></span> <span class='ocrx_word' id='word_1_49' title='bbox 765 876 917 950; x_wconf 77' lang='lat' dir='ltr'><strong>pulsuumr</strong></span> <span class='ocrx_word' id='word_1_50' title='bbox 934 867 972 936; x_wconf 71' lang='grc' dir='ltr'><strong>ἐί</strong></span> <span class='ocrx_word' id='word_1_51' title='bbox 999 868 1063 961; x_wconf 80' lang='grc' dir='ltr'><strong>γάρ</strong></span> <span class='ocrx_word' id='word_1_52' title='bbox 1089 897 1123 940; x_wconf 91' lang='grc' dir='ltr'><strong>τι</strong></span> <span class='ocrx_word' id='word_1_53' title='bbox 1153 869 1211 940; x_wconf 79' lang='grc' dir='ltr'><strong><em>καί</em></strong></span> <span class='ocrx_word' id='word_1_54' title='bbox 1231 900 1283 941; x_wconf 87' lang='grc' dir='ltr'><strong><em>πα</em></strong></span> <span class='ocrx_word' id='word_1_55' title='bbox 1306 915 1323 927; x_wconf 95' lang='grc'>-</span> 
     </span>
     <span class='ocr_line' id='line_1_8' title="bbox 286 899 1326 1044; baseline 0.002 -21"><span class='ocrx_word' id='word_1_56' title='bbox 286 961 374 1024; x_wconf 81' lang='grc' dir='ltr'><strong><em>εἷται</em></strong></span> <span class='ocrx_word' id='word_1_57' title='bbox 406 951 490 1022; x_wconf 82' lang='grc' dir='ltr'><strong><em>κατὰ</em></strong></span> <span class='ocrx_word' id='word_1_58' title='bbox 520 947 657 1030; x_wconf 77' lang='grc' dir='ltr'><strong><em>ταύτας,</em></strong></span> <span class='ocrx_word' id='word_1_59' title='bbox 689 953 815 1042; x_wconf 74' lang='grc' dir='ltr'><strong><em>ῥᾳδίως</em></strong></span> <span class='ocrx_word' id='word_1_60' title='bbox 844 953 883 1020; x_wconf 82' lang='lat' dir='ltr'><strong>e’x</strong></span> <span class='ocrx_word' id='word_1_61' title='bbox 912 956 980 1020; x_wconf 82' lang='grc' dir='ltr'><strong>τῶν</strong></span> <span class='ocrx_word' id='word_1_62' title='bbox 1004 954 1255 1044; x_wconf 74' lang='grc' dir='ltr'><em>προειρημένων</em></span> <span class='ocrx_word' id='word_1_63' title='bbox 1282 899 1326 1026; x_wconf 70' lang='lat' dir='ltr'><strong>ir</strong></span> 
     </span>
     <span class='ocr_line' id='line_1_9' title="bbox 281 1034 1407 1128; baseline 0 -22"><span class='ocrx_word' id='word_1_64' title='bbox 281 1034 516 1128; x_wconf 74' lang='grc' dir='ltr'><strong><em>εὑρεθήσεται.</em></strong></span> <span class='ocrx_word' id='word_1_65' title='bbox 533 1037 645 1117; x_wconf 82' lang='lat' dir='ltr'><strong>facile</strong></span> <span class='ocrx_word' id='word_1_66' title='bbox 668 1037 804 1102; x_wconf 80' lang='lat' dir='ltr'><strong>inveniri</strong></span> <span class='ocrx_word' id='word_1_67' title='bbox 824 1039 951 1121; x_wconf 81' lang='lat' dir='ltr'><strong>poterit.</strong></span> <span class='ocrx_word' id='word_1_68' title='bbox 992 1039 1064 1101; x_wconf 90' lang='lat' dir='ltr'><strong>Non</strong></span> <span class='ocrx_word' id='word_1_69' title='bbox 1084 1046 1164 1101; x_wconf 88' lang='lat' dir='ltr'><strong>enim</strong></span> <span class='ocrx_word' id='word_1_70' title='bbox 1184 1064 1324 1106; x_wconf 81' lang='lat' dir='ltr'><strong>neeessa-</strong></span> <span class='ocrx_word' id='word_1_71' title='bbox 1406 1064 1407 1121; x_wconf 59' lang='grc' dir='ltr'><strong><em>ρ</em></strong></span> 
     </span>
    </p>

    <p class='ocr_par' dir='ltr' id='par_1_3' title="bbox 153 1119 1407 2198">
     <span class='ocr_line' id='line_1_10' title="bbox 153 1119 1324 1204; baseline 0.005 -20"><span class='ocrx_word' id='word_1_72' title='bbox 153 1154 180 1200; x_wconf 73' lang='lat' dir='ltr'><strong>p.</strong></span> <span class='ocrx_word' id='word_1_73' title='bbox 199 1133 241 1185; x_wconf 74' lang='lat'><strong>55.</strong></span> <span class='ocrx_word' id='word_1_74' title='bbox 280 1129 330 1188; x_wconf 79' lang='lat' dir='ltr'><strong>rio</strong></span> <span class='ocrx_word' id='word_1_75' title='bbox 355 1128 507 1185; x_wconf 84' lang='lat' dir='ltr'><strong>inventum</strong></span> <span class='ocrx_word' id='word_1_76' title='bbox 529 1125 586 1198; x_wconf 91' lang='lat' dir='ltr'><strong>iri,</strong></span> <span class='ocrx_word' id='word_1_77' title='bbox 616 1123 778 1204; x_wconf 78' lang='lat' dir='ltr'><strong>sedposee</strong></span> <span class='ocrx_word' id='word_1_78' title='bbox 798 1119 1001 1186; x_wconf 68' lang='lat' dir='ltr'><strong>invenirint.</strong></span> <span class='ocrx_word' id='word_1_79' title='bbox 1042 1122 1093 1184; x_wconf 92' lang='lat' dir='ltr'><strong>Sic</strong></span> <span class='ocrx_word' id='word_1_80' title='bbox 1112 1124 1258 1202; x_wconf 85' lang='lat' dir='ltr'><strong>Xenopb.</strong></span> <span class='ocrx_word' id='word_1_81' title='bbox 1277 1127 1324 1190; x_wconf 81' lang='lat' dir='ltr'><strong>V.</strong></span> 
     </span>
     <span class='ocr_line' id='line_1_11' title="bbox 284 1197 1326 1310; baseline 0.002 -36"><span class='ocrx_word' id='word_1_82' title='bbox 284 1201 454 1284; x_wconf 79' lang='grc' dir='ltr'><strong><em>παιδείας.</em></strong></span> <span class='ocrx_word' id='word_1_83' title='bbox 479 1213 517 1278; x_wconf 87' lang='lat' dir='ltr'><strong>[e.</strong></span> <span class='ocrx_word' id='word_1_84' title='bbox 540 1213 570 1264; x_wconf 83' lang='grc'><strong>3.</strong></span> <span class='ocrx_word' id='word_1_85' title='bbox 588 1209 617 1278; x_wconf 81' lang='lat'><strong>§.</strong></span> <span class='ocrx_word' id='word_1_86' title='bbox 640 1207 704 1278; x_wconf 82' lang='lat'><strong>35.]</strong></span> <span class='ocrx_word' id='word_1_87' title='bbox 726 1199 796 1290; x_wconf 80' lang='grc' dir='ltr'><strong>ὅσῳ</strong></span> <span class='ocrx_word' id='word_1_88' title='bbox 819 1197 850 1269; x_wconf 82' lang='grc' dir='ltr'><strong>δ’</strong></span> <span class='ocrx_word' id='word_1_89' title='bbox 876 1198 915 1268; x_wconf 71' lang='grc' dir='ltr'><strong>δν</strong></span> <span class='ocrx_word' id='word_1_90' title='bbox 936 1199 1141 1310; x_wconf 62' lang='grc' dir='ltr'><strong><em>κουφότερον</em></strong></span> <span class='ocrx_word' id='word_1_91' title='bbox 1162 1230 1326 1276; x_wconf 86' lang='grc' dir='ltr'><strong><em>συσκευα-</em></strong></span> 
     </span>
     <span class='ocr_line' id='line_1_12' title="bbox 288 1279 1327 1379; baseline 0.005 -27"><span class='ocrx_word' id='word_1_92' title='bbox 288 1285 425 1371; x_wconf 86' lang='grc' dir='ltr'><strong><em>ζώμεθα</em></strong></span> <span class='ocrx_word' id='word_1_93' title='bbox 451 1285 508 1351; x_wconf 81' lang='grc' dir='ltr'><strong><em>καὶ</em></strong></span> <span class='ocrx_word' id='word_1_94' title='bbox 535 1279 778 1373; x_wconf 78' lang='grc' dir='ltr'><strong><em>εὐτελέστερον,</em></strong></span> <span class='ocrx_word' id='word_1_95' title='bbox 809 1281 957 1374; x_wconf 82' lang='grc' dir='ltr'><strong><em>τοσούτῳ</em></strong></span> <span class='ocrx_word' id='word_1_96' title='bbox 979 1311 1039 1366; x_wconf 85' lang='grc' dir='ltr'><strong><em>τας</em></strong></span> <span class='ocrx_word' id='word_1_97' title='bbox 1060 1285 1224 1368; x_wconf 79' lang='grc' dir='ltr'><strong><em>ἐπιούσας</em></strong></span> <span class='ocrx_word' id='word_1_98' title='bbox 1243 1285 1327 1379; x_wconf 75' lang='grc' dir='ltr'><strong><em>ἡμέ-</em></strong></span> 
     </span>
     <span class='ocr_line' id='line_1_13' title="bbox 285 1361 1325 1460; baseline 0.003 -23"><span class='ocrx_word' id='word_1_99' title='bbox 285 1395 350 1460; x_wconf 88' lang='grc' dir='ltr'><strong><em>ρας</em></strong></span> <span class='ocrx_word' id='word_1_100' title='bbox 376 1367 471 1456; x_wconf 74' lang='grc' dir='ltr'><strong><em>ἥδιον</em></strong></span> <span class='ocrx_word' id='word_1_101' title='bbox 499 1363 540 1434; x_wconf 73' lang='grc' dir='ltr'><strong>ἂν</strong></span> <span class='ocrx_word' id='word_1_102' title='bbox 567 1361 790 1456; x_wconf 82' lang='grc' dir='ltr'><strong><em>ἀριστήσομέν</em></strong></span> <span class='ocrx_word' id='word_1_103' title='bbox 816 1392 852 1436; x_wconf 90' lang='grc' dir='ltr'><strong>τε</strong></span> <span class='ocrx_word' id='word_1_104' title='bbox 874 1369 931 1434; x_wconf 83' lang='grc' dir='ltr'><strong><em>καὶ</em></strong></span> <span class='ocrx_word' id='word_1_105' title='bbox 953 1369 1184 1458; x_wconf 76' lang='grc' dir='ltr'><strong><em>δειπνήσομεν.</em></strong></span> <span class='ocrx_word' id='word_1_106' title='bbox 1200 1377 1325 1457; x_wconf 67' lang='lat' dir='ltr'><strong>potesi-</strong></span> 
     </span>
     <span class='ocr_line' id='line_1_14' title="bbox 284 1453 1327 1538; baseline 0 -18"><span class='ocrx_word' id='word_1_107' title='bbox 284 1479 353 1520; x_wconf 84' lang='grc' dir='ltr'><strong><em>ιιιιιε</em></strong></span> <span class='ocrx_word' id='word_1_108' title='bbox 384 1453 543 1538; x_wconf 77' lang='lat' dir='ltr'><strong>prendere</strong></span> <span class='ocrx_word' id='word_1_109' title='bbox 580 1465 611 1516; x_wconf 83' lang='lat' dir='ltr'><strong>et</strong></span> <span class='ocrx_word' id='word_1_110' title='bbox 646 1467 792 1518; x_wconf 75' lang='lat' dir='ltr'><strong>coenare.</strong></span> <span class='ocrx_word' id='word_1_111' title='bbox 843 1453 937 1530; x_wconf 82' lang='lat' dir='ltr'><strong>Apud</strong></span> <span class='ocrx_word' id='word_1_112' title='bbox 971 1453 1130 1536; x_wconf 81' lang='lat' dir='ltr'><strong>Isocratem</strong></span> <span class='ocrx_word' id='word_1_113' title='bbox 1164 1468 1261 1520; x_wconf 88' lang='lat' dir='ltr'><strong>autem</strong></span> <span class='ocrx_word' id='word_1_114' title='bbox 1290 1463 1327 1520; x_wconf 87' lang='lat' dir='ltr'><strong>in</strong></span> 
     </span>
     <span class='ocr_line' id='line_1_15' title="bbox 283 1536 1327 1620; baseline 0.003 -20"><span class='ocrx_word' id='word_1_115' title='bbox 283 1539 438 1615; x_wconf 82' lang='lat' dir='ltr'><strong>Areopag.</strong></span> <span class='ocrx_word' id='word_1_116' title='bbox 467 1543 509 1612; x_wconf 65' lang='grc' dir='ltr'><strong>[ς.</strong></span> <span class='ocrx_word' id='word_1_117' title='bbox 537 1541 591 1600; x_wconf 82' lang='grc'><strong>78.</strong></span> <span class='ocrx_word' id='word_1_118' title='bbox 618 1538 664 1597; x_wconf 88' lang='lat' dir='ltr'><strong>ed.</strong></span> <span class='ocrx_word' id='word_1_119' title='bbox 693 1536 793 1596; x_wconf 87' lang='lat' dir='ltr'><strong>Bekk.</strong></span> <span class='ocrx_word' id='word_1_120' title='bbox 823 1559 853 1613; x_wconf 89' lang='lat' dir='ltr'><strong>p.</strong></span> <span class='ocrx_word' id='word_1_121' title='bbox 881 1539 951 1598; x_wconf 76' lang='lat'><strong>155.</strong></span> <span class='ocrx_word' id='word_1_122' title='bbox 979 1550 1055 1600; x_wconf 88' lang='lat' dir='ltr'><strong>extr.</strong></span> <span class='ocrx_word' id='word_1_123' title='bbox 1075 1540 1122 1600; x_wconf 91' lang='lat' dir='ltr'><strong>ed.</strong></span> <span class='ocrx_word' id='word_1_124' title='bbox 1143 1541 1185 1601; x_wconf 85' lang='lat' dir='ltr'><strong>H.</strong></span> <span class='ocrx_word' id='word_1_125' title='bbox 1205 1539 1327 1620; x_wconf 68' lang='lat' dir='ltr'><strong>stapla]</strong></span> 
     </span>
     <span class='ocr_line' id='line_1_16' title="bbox 286 1611 1327 1721; baseline 0.006 -36"><span class='ocrx_word' id='word_1_126' title='bbox 286 1615 384 1710; x_wconf 78' lang='grc' dir='ltr'><strong><em>ἡμεῖς</em></strong></span> <span class='ocrx_word' id='word_1_127' title='bbox 410 1617 490 1721; x_wconf 79' lang='grc' dir='ltr'><strong><em>γὰρ,</em></strong></span> <span class='ocrx_word' id='word_1_128' title='bbox 517 1611 557 1706; x_wconf 83' lang='grc' dir='ltr'><strong>ἢν</strong></span> <span class='ocrx_word' id='word_1_129' title='bbox 582 1616 643 1721; x_wconf 69' lang='grc' dir='ltr'><strong>μὲν</strong></span> <span class='ocrx_word' id='word_1_130' title='bbox 674 1615 793 1720; x_wconf 37' lang='grc' dir='ltr'><strong><em>οὕτως,</em></strong></span> <span class='ocrx_word' id='word_1_131' title='bbox 809 1613 953 1721; x_wconf 70' lang='grc' dir='ltr'><strong><em>οίκῶμρν</em></strong></span> <span class='ocrx_word' id='word_1_132' title='bbox 980 1617 1039 1707; x_wconf 71' lang='grc' dir='ltr'><strong>τὴν</strong></span> <span class='ocrx_word' id='word_1_133' title='bbox 1060 1617 1185 1699; x_wconf 77' lang='grc' dir='ltr'><strong><em>πόλιν,</em></strong></span> <span class='ocrx_word' id='word_1_134' title='bbox 1206 1621 1327 1710; x_wconf 79' lang='grc' dir='ltr'><strong><em>ὥσπερ</em></strong></span> 
     </span>
     <span class='ocr_line' id='line_1_17' title="bbox 282 1697 1377 1784; baseline 0 -14"><span class='ocrx_word' id='word_1_135' title='bbox 282 1707 343 1783; x_wconf 77' lang='grc' dir='ltr'><strong>νῦν</strong></span> <span class='ocrx_word' id='word_1_136' title='bbox 371 1697 545 1783; x_wconf 81' lang='grc' dir='ltr'><strong><em>οἷκονμεν,</em></strong></span> <span class='ocrx_word' id='word_1_137' title='bbox 568 1724 632 1766; x_wconf 88' lang='grc' dir='ltr'><strong>ουκ</strong></span> <span class='ocrx_word' id='word_1_138' title='bbox 659 1697 748 1767; x_wconf 73' lang='grc' dir='ltr'><strong><em>ἔστιν</em></strong></span> <span class='ocrx_word' id='word_1_139' title='bbox 774 1698 869 1778; x_wconf 77' lang='grc' dir='ltr'><strong><em>ὅπως</em></strong></span> <span class='ocrx_word' id='word_1_140' title='bbox 898 1724 959 1766; x_wconf 88' lang='grc' dir='ltr'><strong>ουκ</strong></span> <span class='ocrx_word' id='word_1_141' title='bbox 987 1697 1028 1768; x_wconf 75' lang='grc' dir='ltr'><strong>ἂν</strong></span> <span class='ocrx_word' id='word_1_142' title='bbox 1056 1699 1108 1778; x_wconf 83' lang='grc' dir='ltr'><strong>[οὐ</strong></span> <span class='ocrx_word' id='word_1_143' title='bbox 1130 1703 1187 1771; x_wconf 83' lang='grc' dir='ltr'><strong><em>καί</em></strong></span> <span class='ocrx_word' id='word_1_144' title='bbox 1207 1707 1326 1782; x_wconf 69' lang='lat' dir='ltr'><strong>Bekk]</strong></span> <span class='ocrx_word' id='word_1_145' title='bbox 1372 1780 1377 1784; x_wconf 85' lang='lat'>.</span> 
     </span>
     <span class='ocr_line' id='line_1_18' title="bbox 285 1779 1329 1886; baseline 0.004 -34"><span class='ocrx_word' id='word_1_146' title='bbox 285 1780 558 1871; x_wconf 87' lang='grc' dir='ltr'><strong><em>βουλευσόμεθα,</em></strong></span> <span class='ocrx_word' id='word_1_147' title='bbox 597 1781 654 1850; x_wconf 84' lang='grc' dir='ltr'><strong><em>καὶ</em></strong></span> <span class='ocrx_word' id='word_1_148' title='bbox 684 1779 920 1886; x_wconf 68' lang='grc' dir='ltr'><strong><em>πολεμῇσομευ</em></strong></span> <span class='ocrx_word' id='word_1_149' title='bbox 950 1784 1007 1852; x_wconf 84' lang='grc' dir='ltr'><strong><em>καί</em></strong></span> <span class='ocrx_word' id='word_1_150' title='bbox 1034 1782 1235 1870; x_wconf 76' lang='grc' dir='ltr'><strong><em>βιωσόμεθα</em></strong></span> <span class='ocrx_word' id='word_1_151' title='bbox 1267 1790 1329 1856; x_wconf 80' lang='grc' dir='ltr'><strong><em>καί</em></strong></span> 
     </span>
     <span class='ocr_line' id='line_1_19' title="bbox 281 1865 1327 2015; baseline -0.004 -78"><span class='ocrx_word' id='word_1_152' title='bbox 281 1867 403 1950; x_wconf 84' lang='grc' dir='ltr'><strong><em>σχεδὸν</em></strong></span> <span class='ocrx_word' id='word_1_153' title='bbox 440 1867 574 1934; x_wconf 82' lang='grc' dir='ltr'><strong><em>ίίπαντα</em></strong></span> <span class='ocrx_word' id='word_1_154' title='bbox 612 1865 669 1932; x_wconf 81' lang='grc' dir='ltr'><strong><em>καί</em></strong></span> <span class='ocrx_word' id='word_1_155' title='bbox 706 1871 901 1947; x_wconf 88' lang='grc' dir='ltr'><strong><em>πεισομεθα</em></strong></span> <span class='ocrx_word' id='word_1_156' title='bbox 939 1867 997 1934; x_wconf 81' lang='grc' dir='ltr'><strong><em>καί</em></strong></span> <span class='ocrx_word' id='word_1_157' title='bbox 1034 1867 1221 2015; x_wconf 80' lang='grc' dir='ltr'><strong><em>πράξομεν,</em></strong></span> <span class='ocrx_word' id='word_1_158' title='bbox 1269 1884 1327 1934; x_wconf 88' lang='lat' dir='ltr'><strong>etc.</strong></span> 
     </span>
     <span class='ocr_line' id='line_1_20' title="bbox 282 1953 1328 2032; baseline 0.002 -15"><span class='ocrx_word' id='word_1_159' title='bbox 282 1958 337 2017; x_wconf 80' lang='lat' dir='ltr'><strong>ubi</strong></span> <span class='ocrx_word' id='word_1_160' title='bbox 363 1956 491 2016; x_wconf 83' lang='lat' dir='ltr'><strong>futurum</strong></span> <span class='ocrx_word' id='word_1_161' title='bbox 518 1961 646 2029; x_wconf 82' lang='lat' dir='ltr'><strong>tempus,</strong></span> <span class='ocrx_word' id='word_1_162' title='bbox 676 1955 746 2028; x_wconf 88' lang='lat' dir='ltr'><strong>quia</strong></span> <span class='ocrx_word' id='word_1_163' title='bbox 775 1973 792 2012; x_wconf 89' lang='lat' dir='ltr'><strong>a</strong></span> <span class='ocrx_word' id='word_1_164' title='bbox 817 1953 982 2013; x_wconf 85' lang='lat' dir='ltr'><strong>conditione</strong></span> <span class='ocrx_word' id='word_1_165' title='bbox 1001 1976 1061 2031; x_wconf 92' lang='lat' dir='ltr'><strong>pen</strong></span> <span class='ocrx_word' id='word_1_166' title='bbox 1080 1965 1119 2032; x_wconf 85' lang='lat' dir='ltr'><strong>et,</strong></span> <span class='ocrx_word' id='word_1_167' title='bbox 1138 1978 1201 2016; x_wconf 88' lang='lat' dir='ltr'><strong>non</strong></span> <span class='ocrx_word' id='word_1_168' title='bbox 1220 1978 1328 2020; x_wconf 82' lang='lat' dir='ltr'><strong>neces-</strong></span> 
     </span>
     <span class='ocr_line' id='line_1_21' title="bbox 286 2035 1328 2122; baseline 0.006 -24"><span class='ocrx_word' id='word_1_169' title='bbox 286 2040 366 2099; x_wconf 86' lang='lat' dir='ltr'><strong>sarie</strong></span> <span class='ocrx_word' id='word_1_170' title='bbox 391 2039 489 2113; x_wconf 88' lang='lat' dir='ltr'><strong>ponit,</strong></span> <span class='ocrx_word' id='word_1_171' title='bbox 519 2037 645 2096; x_wconf 78' lang='lat' dir='ltr'><strong>faunam</strong></span> <span class='ocrx_word' id='word_1_172' title='bbox 669 2056 736 2096; x_wconf 84' lang='lat' dir='ltr'><strong>esse</strong></span> <span class='ocrx_word' id='word_1_173' title='bbox 759 2056 839 2112; x_wconf 88' lang='lat' dir='ltr'><strong>rem,</strong></span> <span class='ocrx_word' id='word_1_174' title='bbox 858 2035 895 2095; x_wconf 85' lang='grc' dir='ltr'><strong>δε</strong></span> <span class='ocrx_word' id='word_1_175' title='bbox 917 2057 975 2114; x_wconf 81' lang='lat' dir='ltr'><strong>qua</strong></span> <span class='ocrx_word' id='word_1_176' title='bbox 995 2049 1041 2122; x_wconf 80' lang='lat' dir='ltr'><strong>est</strong></span> <span class='ocrx_word' id='word_1_177' title='bbox 1059 2060 1173 2116; x_wconf 85' lang='lat' dir='ltr'><strong>sermo,</strong></span> <span class='ocrx_word' id='word_1_178' title='bbox 1196 2041 1328 2118; x_wconf 76' lang='lat' dir='ltr'><strong>ideoque</strong></span> 
     </span>
     <span class='ocr_line' id='line_1_22' title="bbox 286 2121 1146 2198; baseline -0.007 -18"><span class='ocrx_word' id='word_1_179' title='bbox 286 2121 473 2198; x_wconf 71' lang='lat' dir='ltr'><strong>potentialem</strong></span> <span class='ocrx_word' id='word_1_180' title='bbox 493 2139 613 2179; x_wconf 86' lang='lat' dir='ltr'><strong>sensum</strong></span> <span class='ocrx_word' id='word_1_181' title='bbox 632 2122 744 2195; x_wconf 86' lang='lat' dir='ltr'><strong>recipit.</strong></span> <span class='ocrx_word' id='word_1_182' title='bbox 1142 2193 1146 2197; x_wconf 28' lang='grc'><em>“</em></span> 
     </span>
    </p>

    <p class='ocr_par' dir='ltr' id='par_1_4' title="bbox 130 2193 1329 2288">
     <span class='ocr_line' id='line_1_23' title="bbox 130 2193 1329 2288; baseline 0 -20"><span class='ocrx_word' id='word_1_183' title='bbox 130 2211 166 2268; x_wconf 68' lang='grc' dir='ltr'><strong>ἂν</strong></span> <span class='ocrx_word' id='word_1_184' title='bbox 189 2211 269 2286; x_wconf 77' lang='grc' dir='ltr'><strong><em>ἄορι·</em></strong></span> <span class='ocrx_word' id='word_1_185' title='bbox 369 2202 462 2264; x_wconf 86' lang='lat' dir='ltr'><strong>Porro</strong></span> <span class='ocrx_word' id='word_1_186' title='bbox 489 2204 610 2264; x_wconf 82' lang='lat' dir='ltr'><strong>facultas</strong></span> <span class='ocrx_word' id='word_1_187' title='bbox 639 2193 894 2288; x_wconf 77' lang='grc' dir='ltr'><strong><em>ἀοριστολογικὴ</em></strong></span> <span class='ocrx_word' id='word_1_188' title='bbox 925 2223 987 2262; x_wconf 90' lang='lat' dir='ltr'><strong>non</strong></span> <span class='ocrx_word' id='word_1_189' title='bbox 1009 2205 1182 2281; x_wconf 73' lang='lat' dir='ltr'><strong>salamim,</strong></span> <span class='ocrx_word' id='word_1_190' title='bbox 1202 2214 1236 2266; x_wconf 92' lang='lat' dir='ltr'><strong>ut</strong></span> <span class='ocrx_word' id='word_1_191' title='bbox 1255 2229 1329 2284; x_wconf 88' lang='lat' dir='ltr'><strong>pro·</strong></span> 
     </span>
    </p>

    <p class='ocr_par' dir='ltr' id='par_1_5' title="bbox 133 2285 1329 2364">
     <span class='ocr_line' id='line_1_24' title="bbox 133 2285 1329 2364; baseline 0.003 -15"><span class='ocrx_word' id='word_1_192' title='bbox 133 2285 262 2364; x_wconf 68' lang='lat' dir='ltr'><strong>⁰¹0³·,0t‘t-</strong></span> <span class='ocrx_word' id='word_1_193' title='bbox 286 2290 367 2348; x_wconf 86' lang='lat' dir='ltr'><strong>xime</strong></span> <span class='ocrx_word' id='word_1_194' title='bbox 399 2287 506 2347; x_wconf 76' lang='lat' dir='ltr'><strong>dicbun</strong></span> <span class='ocrx_word' id='word_1_195' title='bbox 535 2295 599 2362; x_wconf 87' lang='lat' dir='ltr'><strong>est,</strong></span> <span class='ocrx_word' id='word_1_196' title='bbox 635 2289 771 2346; x_wconf 80' lang='lat' dir='ltr'><strong>convenit</strong></span> <span class='ocrx_word' id='word_1_197' title='bbox 805 2287 931 2361; x_wconf 76' lang='lat' dir='ltr'><strong>obliquis</strong></span> <span class='ocrx_word' id='word_1_198' title='bbox 963 2290 1139 2363; x_wconf 79' lang='lat' dir='ltr'><strong>temporibus</strong></span> <span class='ocrx_word' id='word_1_199' title='bbox 1169 2289 1329 2352; x_wconf 84' lang='lat' dir='ltr'><strong>Indicativi</strong></span> 
     </span>
    </p>

    <p class='ocr_par' dir='ltr' id='par_1_6' title="bbox 168 2369 1329 2616">
     <span class='ocr_line' id='line_1_25' title="bbox 168 2369 1329 2452; baseline 0.003 -22"><span class='ocrx_word' id='word_1_200' title='bbox 168 2369 227 2406; x_wconf 71' lang='lat'><strong>²⁰⁷·</strong></span> <span class='ocrx_word' id='word_1_201' title='bbox 286 2372 380 2446; x_wconf 89' lang='lat' dir='ltr'><strong>modi,</strong></span> <span class='ocrx_word' id='word_1_202' title='bbox 408 2370 523 2447; x_wconf 81' lang='lat' dir='ltr'><strong>quando</strong></span> <span class='ocrx_word' id='word_1_203' title='bbox 550 2371 700 2444; x_wconf 78' lang='lat' dir='ltr'><strong>videlicet,</strong></span> <span class='ocrx_word' id='word_1_204' title='bbox 729 2369 808 2444; x_wconf 80' lang='lat' dir='ltr'><strong>quod</strong></span> <span class='ocrx_word' id='word_1_205' title='bbox 830 2371 862 2427; x_wconf 90' lang='lat' dir='ltr'><strong>in</strong></span> <span class='ocrx_word' id='word_1_206' title='bbox 883 2377 948 2428; x_wconf 87' lang='lat' dir='ltr'><strong>actu</strong></span> <span class='ocrx_word' id='word_1_207' title='bbox 967 2371 1041 2447; x_wconf 84' lang='lat' dir='ltr'><strong>fuit,</strong></span> <span class='ocrx_word' id='word_1_208' title='bbox 1061 2384 1176 2433; x_wconf 80' lang='lat' dir='ltr'><strong>noant</strong></span> <span class='ocrx_word' id='word_1_209' title='bbox 1194 2377 1227 2433; x_wconf 91' lang='lat' dir='ltr'><strong>in</strong></span> <span class='ocrx_word' id='word_1_210' title='bbox 1249 2384 1329 2452; x_wconf 86' lang='lat' dir='ltr'><strong>actu,</strong></span> 
     </span>
     <span class='ocr_line' id='line_1_26' title="bbox 286 2455 1328 2536; baseline 0.002 -19"><span class='ocrx_word' id='word_1_211' title='bbox 286 2455 341 2517; x_wconf 85' lang='lat' dir='ltr'><strong>sed</strong></span> <span class='ocrx_word' id='word_1_212' title='bbox 364 2455 419 2515; x_wconf 86' lang='lat' dir='ltr'><strong>sub</strong></span> <span class='ocrx_word' id='word_1_213' title='bbox 442 2455 588 2529; x_wconf 86' lang='lat' dir='ltr'><strong>potentiae</strong></span> <span class='ocrx_word' id='word_1_214' title='bbox 615 2457 713 2528; x_wconf 85' lang='lat' dir='ltr'><strong>specie</strong></span> <span class='ocrx_word' id='word_1_215' title='bbox 734 2455 885 2528; x_wconf 87' lang='lat' dir='ltr'><strong>recitatur,</strong></span> <span class='ocrx_word' id='word_1_216' title='bbox 904 2460 936 2512; x_wconf 91' lang='lat' dir='ltr'><strong>ut</strong></span> <span class='ocrx_word' id='word_1_217' title='bbox 955 2455 988 2512; x_wconf 91' lang='lat' dir='ltr'><strong>in</strong></span> <span class='ocrx_word' id='word_1_218' title='bbox 1009 2457 1153 2530; x_wconf 85' lang='lat' dir='ltr'><strong>exemplis</strong></span> <span class='ocrx_word' id='word_1_219' title='bbox 1172 2477 1264 2536; x_wconf 86' lang='lat' dir='ltr'><strong>supra</strong></span> <span class='ocrx_word' id='word_1_220' title='bbox 1284 2462 1328 2518; x_wconf 90' lang='lat' dir='ltr'><strong>ci-</strong></span> 
     </span>
     <span class='ocr_line' id='line_1_27' title="bbox 287 2533 1190 2616; baseline 0.002 -18"><span class='ocrx_word' id='word_1_221' title='bbox 287 2541 370 2616; x_wconf 86' lang='lat' dir='ltr'><strong>tatis,</strong></span> <span class='ocrx_word' id='word_1_222' title='bbox 392 2548 422 2598; x_wconf 87' lang='lat' dir='ltr'><strong>et</strong></span> <span class='ocrx_word' id='word_1_223' title='bbox 442 2538 520 2614; x_wconf 86' lang='lat' dir='ltr'><strong>apud</strong></span> <span class='ocrx_word' id='word_1_224' title='bbox 543 2535 696 2614; x_wconf 85' lang='lat' dir='ltr'><strong>Aristoph.</strong></span> <span class='ocrx_word' id='word_1_225' title='bbox 717 2537 750 2595; x_wconf 90' lang='lat' dir='ltr'><strong>in</strong></span> <span class='ocrx_word' id='word_1_226' title='bbox 770 2533 856 2594; x_wconf 87' lang='lat' dir='ltr'><strong>Pluto</strong></span> <span class='ocrx_word' id='word_1_227' title='bbox 878 2542 920 2608; x_wconf 78' lang='lat' dir='ltr'><strong>[v.</strong></span> <span class='ocrx_word' id='word_1_228' title='bbox 944 2543 1190 2611; x_wconf 82' lang='lat'>1178-1181.]:</span> 
     </span>
    </p>
   </div>
   <div class='ocr_carea' id='block_1_3' title="bbox 388 2655 1220 2905">
    <p class='ocr_par' dir='ltr' id='par_1_7' title="bbox 388 2655 1220 2905">
     <span class='ocr_line' id='line_1_28' title="bbox 388 2655 859 2728; baseline -0.004 -14"><span class='ocrx_word' id='word_1_229' title='bbox 388 2664 478 2714; x_wconf 81' lang='grc' dir='ltr'><strong><em>καίτοι</em></strong></span> <span class='ocrx_word' id='word_1_230' title='bbox 492 2655 561 2728; x_wconf 83' lang='grc' dir='ltr'><strong><em>τότε,</em></strong></span> <span class='ocrx_word' id='word_1_231' title='bbox 855 2721 859 2727; x_wconf 40' lang='grc'><strong>,</strong></span> 
     </span>
     <span class='ocr_line' id='line_1_29' title="bbox 390 2736 1036 2818; baseline -0.002 -19"><span class='ocrx_word' id='word_1_232' title='bbox 390 2740 424 2800; x_wconf 76' lang='grc' dir='ltr'><strong>’δι’</strong></span> <span class='ocrx_word' id='word_1_233' title='bbox 447 2737 523 2814; x_wconf 76' lang='grc' dir='ltr'><strong><em>εἶχεν</em></strong></span> <span class='ocrx_word' id='word_1_234' title='bbox 542 2742 638 2811; x_wconf 73' lang='grc' dir='ltr'><strong><em>οὐδέν,</em></strong></span> <span class='ocrx_word' id='word_1_235' title='bbox 657 2741 672 2797; x_wconf 85' lang='grc' dir='ltr'><strong>ὁ</strong></span> <span class='ocrx_word' id='word_1_236' title='bbox 692 2742 749 2818; x_wconf 82' lang='grc' dir='ltr'><strong>μὲν</strong></span> <span class='ocrx_word' id='word_1_237' title='bbox 764 2736 801 2796; x_wconf 74' lang='grc' dir='ltr'><strong>ἂν</strong></span> <span class='ocrx_word' id='word_1_238' title='bbox 817 2736 892 2811; x_wconf 75' lang='grc' dir='ltr'><strong><em>ἥκων</em></strong></span> <span class='ocrx_word' id='word_1_239' title='bbox 913 2743 1036 2818; x_wconf 74' lang='grc' dir='ltr'><strong><em>ἔμπορος</em></strong></span> 
     </span>
     <span class='ocr_line' id='line_1_30' title="bbox 390 2824 1220 2905; baseline -0.001 -22"><span class='ocrx_word' id='word_1_240' title='bbox 390 2829 492 2883; x_wconf 81' lang='grc' dir='ltr'><strong><em>ἔθυσεν</em></strong></span> <span class='ocrx_word' id='word_1_241' title='bbox 514 2825 616 2902; x_wconf 86' lang='grc' dir='ltr'><strong><em>ίερεῖίν</em></strong></span> <span class='ocrx_word' id='word_1_242' title='bbox 638 2849 664 2882; x_wconf 81' lang='grc' dir='ltr'><strong>τι</strong></span> <span class='ocrx_word' id='word_1_243' title='bbox 691 2833 805 2895; x_wconf 79' lang='grc' dir='ltr'><strong><em>σωθείς,</em></strong></span> <span class='ocrx_word' id='word_1_244' title='bbox 834 2824 896 2882; x_wconf 79' lang='grc' dir='ltr'><strong>ὁδ’</strong></span> <span class='ocrx_word' id='word_1_245' title='bbox 922 2824 960 2884; x_wconf 79' lang='grc' dir='ltr'><strong>ἂν</strong></span> <span class='ocrx_word' id='word_1_246' title='bbox 977 2827 1156 2905; x_wconf 71' lang='grc' dir='ltr'><strong><em>ἐκαλλιερεῖτό</em></strong></span> <span class='ocrx_word' id='word_1_247' title='bbox 1173 2850 1220 2892; x_wconf 81' lang='grc' dir='ltr'><strong><em>τις.</em></strong></span> 
     </span>
    </p>
   </div>
   <div class='ocr_carea' id='block_1_4' title="bbox 173 2949 1405 4212">
    <p class='ocr_par' dir='ltr' id='par_1_8' title="bbox 253 2949 1326 3034">
     <span class='ocr_line' id='line_1_31' title="bbox 253 2949 1326 3034; baseline 0.003 -23"><span class='ocrx_word' id='word_1_248' title='bbox 253 3023 255 3028; x_wconf 22' lang='lat'><strong>¹</strong></span> <span class='ocrx_word' id='word_1_249' title='bbox 286 2958 315 3013; x_wconf 85' lang='lat' dir='ltr'><strong>et</strong></span> <span class='ocrx_word' id='word_1_250' title='bbox 343 2953 375 3010; x_wconf 89' lang='lat' dir='ltr'><strong>iu</strong></span> <span class='ocrx_word' id='word_1_251' title='bbox 401 2950 559 3010; x_wconf 83' lang='lat' dir='ltr'><strong>similibus:</strong></span> <span class='ocrx_word' id='word_1_252' title='bbox 583 2969 687 3009; x_wconf 81' lang='lat' dir='ltr'><strong>venun</strong></span> <span class='ocrx_word' id='word_1_253' title='bbox 714 2949 873 3025; x_wconf 59' lang='lat' dir='ltr'><strong>etiam,„si</strong></span> <span class='ocrx_word' id='word_1_254' title='bbox 894 2950 931 3027; x_wconf 79' lang='lat' dir='ltr'><strong>de</strong></span> <span class='ocrx_word' id='word_1_255' title='bbox 953 2972 986 3011; x_wconf 89' lang='lat' dir='ltr'><strong>re</strong></span> <span class='ocrx_word' id='word_1_256' title='bbox 1005 2956 1156 3027; x_wconf 88' lang='lat' dir='ltr'><strong>praeteriti</strong></span> <span class='ocrx_word' id='word_1_257' title='bbox 1174 2957 1326 3034; x_wconf 83' lang='lat' dir='ltr'><strong>temporis,</strong></span> 
     </span>
    </p>

    <p class='ocr_par' dir='ltr' id='par_1_9' title="bbox 286 3034 1326 3114">
     <span class='ocr_line' id='line_1_32' title="bbox 286 3034 1326 3114; baseline 0.004 -19"><span class='ocrx_word' id='word_1_258' title='bbox 286 3044 316 3096; x_wconf 89' lang='lat' dir='ltr'><strong>ct</strong></span> <span class='ocrx_word' id='word_1_259' title='bbox 346 3038 379 3094; x_wconf 92' lang='lat' dir='ltr'><strong>in</strong></span> <span class='ocrx_word' id='word_1_260' title='bbox 409 3045 472 3094; x_wconf 89' lang='lat' dir='ltr'><strong>actu</strong></span> <span class='ocrx_word' id='word_1_261' title='bbox 503 3035 615 3109; x_wconf 85' lang='lat' dir='ltr'><strong>posita,</strong></span> <span class='ocrx_word' id='word_1_262' title='bbox 648 3034 701 3093; x_wconf 83' lang='lat' dir='ltr'><strong>sub</strong></span> <span class='ocrx_word' id='word_1_263' title='bbox 732 3034 814 3091; x_wconf 93' lang='lat' dir='ltr'><strong>nulla</strong></span> <span class='ocrx_word' id='word_1_264' title='bbox 844 3037 991 3109; x_wconf 90' lang='lat' dir='ltr'><strong>potentiae</strong></span> <span class='ocrx_word' id='word_1_265' title='bbox 1023 3040 1121 3111; x_wconf 85' lang='lat' dir='ltr'><strong>specie</strong></span> <span class='ocrx_word' id='word_1_266' title='bbox 1149 3039 1188 3097; x_wconf 88' lang='lat' dir='ltr'><strong>sit</strong></span> <span class='ocrx_word' id='word_1_267' title='bbox 1214 3059 1326 3114; x_wconf 88' lang='lat' dir='ltr'><strong>sermo,</strong></span> 
     </span>
    </p>

    <p class='ocr_par' dir='ltr' id='par_1_10' title="bbox 191 3115 1326 3194">
     <span class='ocr_line' id='line_1_33' title="bbox 191 3115 1326 3194; baseline 0.004 -18"><span class='ocrx_word' id='word_1_268' title='bbox 191 3156 195 3164; x_wconf 89' lang='lat'><em>·</em></span> <span class='ocrx_word' id='word_1_269' title='bbox 285 3120 442 3194; x_wconf 86' lang='lat' dir='ltr'><strong>paratatico</strong></span> <span class='ocrx_word' id='word_1_270' title='bbox 479 3116 632 3177; x_wconf 80' lang='lat' dir='ltr'><strong>ludicativi</strong></span> <span class='ocrx_word' id='word_1_271' title='bbox 669 3115 822 3192; x_wconf 78' lang='lat' dir='ltr'><strong>convenit,</strong></span> <span class='ocrx_word' id='word_1_272' title='bbox 860 3125 892 3175; x_wconf 92' lang='lat' dir='ltr'><strong>ut</strong></span> <span class='ocrx_word' id='word_1_273' title='bbox 921 3119 1000 3177; x_wconf 85' lang='lat' dir='ltr'><strong>infra</strong></span> <span class='ocrx_word' id='word_1_274' title='bbox 1031 3118 1232 3182; x_wconf 82' lang='lat' dir='ltr'><strong>declarabitur.</strong></span> <span class='ocrx_word' id='word_1_275' title='bbox 1283 3117 1326 3186; x_wconf 84' lang='lat' dir='ltr'><strong>ln</strong></span> 
     </span>
    </p>

    <p class='ocr_par' dir='ltr' id='par_1_11' title="bbox 286 3194 1325 3292">
     <span class='ocr_line' id='line_1_34' title="bbox 286 3194 1325 3292; baseline 0.007 -30"><span class='ocrx_word' id='word_1_276' title='bbox 286 3201 469 3262; x_wconf 82' lang='lat' dir='ltr'><strong>Subiunctivi</strong></span> <span class='ocrx_word' id='word_1_277' title='bbox 501 3222 586 3261; x_wconf 77' lang='lat' dir='ltr'><strong>vero</strong></span> <span class='ocrx_word' id='word_1_278' title='bbox 608 3197 687 3259; x_wconf 85' lang='lat' dir='ltr'><strong>modi</strong></span> <span class='ocrx_word' id='word_1_279' title='bbox 721 3196 860 3275; x_wconf 78' lang='lat' dir='ltr'><strong>vocibus,</strong></span> <span class='ocrx_word' id='word_1_280' title='bbox 897 3201 1027 3261; x_wconf 80' lang='lat' dir='ltr'><strong>facultas</strong></span> <span class='ocrx_word' id='word_1_281' title='bbox 1058 3194 1236 3289; x_wconf 79' lang='grc' dir='ltr'><strong><em>δοριστολο</em></strong></span> <span class='ocrx_word' id='word_1_282' title='bbox 1258 3201 1325 3292; x_wconf 79' lang='grc' dir='ltr'><strong><em>ικὴ,</em></strong></span> 
     </span>
    </p>

    <p class='ocr_par' dir='ltr' id='par_1_12' title="bbox 287 3227 1324 3371">
     <span class='ocr_line' id='line_1_35' title="bbox 287 3227 1324 3371; baseline 0.008 -27"><span class='ocrx_word' id='word_1_283' title='bbox 287 3288 438 3345; x_wconf 87' lang='lat' dir='ltr'><strong>coniuncta</strong></span> <span class='ocrx_word' id='word_1_284' title='bbox 456 3291 501 3358; x_wconf 78' lang='lat' dir='ltr'><strong>est</strong></span> <span class='ocrx_word' id='word_1_285' title='bbox 521 3283 562 3368; x_wconf 79' lang='grc' dir='ltr'><strong>τῇ</strong></span> <span class='ocrx_word' id='word_1_286' title='bbox 584 3279 756 3368; x_wconf 76' lang='grc' dir='ltr'><strong><em>δονρτικῇ,</em></strong></span> <span class='ocrx_word' id='word_1_287' title='bbox 777 3286 818 3341; x_wconf 90' lang='lat' dir='ltr'><strong>ita</strong></span> <span class='ocrx_word' id='word_1_288' title='bbox 838 3292 951 3359; x_wconf 83' lang='lat' dir='ltr'><strong>tamen,</strong></span> <span class='ocrx_word' id='word_1_289' title='bbox 972 3293 1004 3343; x_wconf 91' lang='lat' dir='ltr'><strong>ut</strong></span> <span class='ocrx_word' id='word_1_290' title='bbox 1023 3288 1069 3346; x_wconf 83' lang='lat' dir='ltr'><strong>vis</strong></span> <span class='ocrx_word' id='word_1_291' title='bbox 1090 3288 1208 3362; x_wconf 85' lang='lat' dir='ltr'><strong>quidem</strong></span> <span class='ocrx_word' id='word_1_292' title='bbox 1228 3227 1324 3371; x_wconf 68' lang='grc' dir='ltr'><strong><em>δυνη-</em></strong></span> 
     </span>
    </p>

    <p class='ocr_par' dir='ltr' id='par_1_13' title="bbox 173 3363 1325 3452">
     <span class='ocr_line' id='line_1_36' title="bbox 173 3363 1325 3452; baseline -0.003 -16"><span class='ocrx_word' id='word_1_293' title='bbox 173 3419 181 3436; x_wconf 91' lang='grc'><strong><em>.</em></strong></span> <span class='ocrx_word' id='word_1_294' title='bbox 286 3363 360 3452; x_wconf 65' lang='grc' dir='ltr'><strong><em>τινα)</em></strong></span> <span class='ocrx_word' id='word_1_295' title='bbox 390 3367 554 3444; x_wconf 74' lang='lat' dir='ltr'><strong>praedicato</strong></span> <span class='ocrx_word' id='word_1_296' title='bbox 582 3366 671 3424; x_wconf 80' lang='lat' dir='ltr'><strong>verbo</strong></span> <span class='ocrx_word' id='word_1_297' title='bbox 701 3385 818 3441; x_wconf 83' lang='lat' dir='ltr'><strong>semper</strong></span> <span class='ocrx_word' id='word_1_298' title='bbox 845 3366 1017 3443; x_wconf 84' lang='lat' dir='ltr'><strong>adhaereat,</strong></span> <span class='ocrx_word' id='word_1_299' title='bbox 1038 3369 1087 3429; x_wconf 83' lang='lat' dir='ltr'><strong>vel</strong></span> <span class='ocrx_word' id='word_1_300' title='bbox 1107 3378 1185 3430; x_wconf 89' lang='lat' dir='ltr'><strong>certe</strong></span> <span class='ocrx_word' id='word_1_301' title='bbox 1205 3376 1325 3448; x_wconf 84' lang='lat' dir='ltr'><strong>suppri-</strong></span> 
     </span>
    </p>

    <p class='ocr_par' dir='ltr' id='par_1_14' title="bbox 286 3441 1325 3534">
     <span class='ocr_line' id='line_1_37' title="bbox 286 3441 1325 3534; baseline 0.001 -22"><span class='ocrx_word' id='word_1_302' title='bbox 286 3459 398 3528; x_wconf 81' lang='lat' dir='ltr'><strong>matur3</strong></span> <span class='ocrx_word' id='word_1_303' title='bbox 426 3441 680 3534; x_wconf 76' lang='grc' dir='ltr'><strong><em>ἆοριστολογικὴ</em></strong></span> <span class='ocrx_word' id='word_1_304' title='bbox 711 3459 806 3508; x_wconf 89' lang='lat' dir='ltr'><strong>autem</strong></span> <span class='ocrx_word' id='word_1_305' title='bbox 833 3449 983 3512; x_wconf 86' lang='lat' dir='ltr'><strong>adiunctae</strong></span> <span class='ocrx_word' id='word_1_306' title='bbox 1003 3455 1078 3527; x_wconf 90' lang='lat' dir='ltr'><strong>parti</strong></span> <span class='ocrx_word' id='word_1_307' title='bbox 1098 3455 1256 3530; x_wconf 70' lang='lat' dir='ltr'><strong>tribuam,</strong></span> <span class='ocrx_word' id='word_1_308' title='bbox 1280 3446 1325 3532; x_wconf 82' lang='lat' dir='ltr'><strong>ut,</strong></span> 
     </span>
    </p>

    <p class='ocr_par' dir='ltr' id='par_1_15' title="bbox 287 3523 1325 3618">
     <span class='ocr_line' id='line_1_38' title="bbox 287 3523 1325 3618; baseline 0.004 -20"><span class='ocrx_word' id='word_1_309' title='bbox 287 3529 321 3607; x_wconf 82' lang='lat' dir='ltr'><strong>ii,</strong></span> <span class='ocrx_word' id='word_1_310' title='bbox 353 3555 387 3598; x_wconf 84' lang='grc' dir='ltr'><strong>τι</strong></span> <span class='ocrx_word' id='word_1_311' title='bbox 418 3523 459 3596; x_wconf 78' lang='grc' dir='ltr'><strong><em>δίε</em></strong></span> <span class='ocrx_word' id='word_1_312' title='bbox 490 3523 603 3617; x_wconf 76' lang='grc' dir='ltr'><strong><em>εἴπῃς,</em></strong></span> <span class='ocrx_word' id='word_1_313' title='bbox 639 3528 711 3613; x_wconf 77' lang='lat' dir='ltr'><strong>quic</strong></span> <span class='ocrx_word' id='word_1_314' title='bbox 734 3531 807 3609; x_wconf 84' lang='lat' dir='ltr'><strong>uid,</strong></span> <span class='ocrx_word' id='word_1_315' title='bbox 843 3536 908 3610; x_wconf 79' lang='lat' dir='ltr'><strong>vel,</strong></span> <span class='ocrx_word' id='word_1_316' title='bbox 946 3535 1153 3618; x_wconf 74' lang='lat' dir='ltr'><strong>quodcunque</strong></span> <span class='ocrx_word' id='word_1_317' title='bbox 1183 3536 1325 3616; x_wconf 73' lang='lat' dir='ltr'><strong>diceris,</strong></span> 
     </span>
    </p>

    <p class='ocr_par' dir='ltr' id='par_1_16' title="bbox 285 3554 1325 3707">
     <span class='ocr_line' id='line_1_39' title="bbox 285 3554 1325 3707; baseline 0.008 -30"><span class='ocrx_word' id='word_1_318' title='bbox 285 3617 317 3678; x_wconf 84' lang='lat' dir='ltr'><strong>li.</strong></span> <span class='ocrx_word' id='word_1_319' title='bbox 345 3638 372 3678; x_wconf 88' lang='lat' dir='ltr'><strong>e.</strong></span> <span class='ocrx_word' id='word_1_320' title='bbox 403 3615 509 3680; x_wconf 76' lang='lat' dir='ltr'><strong>dicere</strong></span> <span class='ocrx_word' id='word_1_321' title='bbox 530 3613 663 3696; x_wconf 67' lang='lat' dir='ltr'><strong>potetis.</strong></span> <span class='ocrx_word' id='word_1_322' title='bbox 712 3554 866 3676; x_wconf 79' lang='lat' dir='ltr'><strong>interdum</strong></span> <span class='ocrx_word' id='word_1_323' title='bbox 892 3621 971 3678; x_wconf 86' lang='lat' dir='ltr'><strong>enim</strong></span> <span class='ocrx_word' id='word_1_324' title='bbox 998 3621 1045 3679; x_wconf 81' lang='lat' dir='ltr'><strong>vis</strong></span> <span class='ocrx_word' id='word_1_325' title='bbox 1072 3616 1226 3707; x_wconf 81' lang='grc' dir='ltr'><strong><em>δυνητικὴ</em></strong></span> <span class='ocrx_word' id='word_1_326' title='bbox 1253 3643 1325 3698; x_wconf 82' lang='lat' dir='ltr'><strong>sup·</strong></span> 
     </span>
    </p>

    <p class='ocr_par' dir='ltr' id='par_1_17' title="bbox 214 3697 1405 3782">
     <span class='ocr_line' id='line_1_40' title="bbox 214 3697 1405 3782; baseline 0.003 -22"><span class='ocrx_word' id='word_1_327' title='bbox 214 3719 218 3730; x_wconf 85' lang='lat'>&#39;</span> <span class='ocrx_word' id='word_1_328' title='bbox 285 3703 433 3778; x_wconf 86' lang='lat' dir='ltr'><strong>primitur,</strong></span> <span class='ocrx_word' id='word_1_329' title='bbox 454 3707 486 3758; x_wconf 91' lang='lat' dir='ltr'><strong>ut</strong></span> <span class='ocrx_word' id='word_1_330' title='bbox 507 3699 583 3774; x_wconf 83' lang='lat' dir='ltr'><strong>apud</strong></span> <span class='ocrx_word' id='word_1_331' title='bbox 602 3697 721 3760; x_wconf 88' lang='lat' dir='ltr'><strong>lsocrat.</strong></span> <span class='ocrx_word' id='word_1_332' title='bbox 741 3702 775 3758; x_wconf 90' lang='lat' dir='ltr'><strong>in</strong></span> <span class='ocrx_word' id='word_1_333' title='bbox 795 3698 923 3762; x_wconf 86' lang='lat' dir='ltr'><strong>Plataico</strong></span> <span class='ocrx_word' id='word_1_334' title='bbox 945 3706 987 3775; x_wconf 65' lang='lat' dir='ltr'><strong>[b.</strong></span> <span class='ocrx_word' id='word_1_335' title='bbox 1006 3708 1059 3776; x_wconf 74' lang='lat'><strong>37,</strong></span> <span class='ocrx_word' id='word_1_336' title='bbox 1077 3701 1179 3766; x_wconf 80' lang='lat' dir='ltr'><strong>Beklr.</strong></span> <span class='ocrx_word' id='word_1_337' title='bbox 1201 3728 1236 3782; x_wconf 45' lang='lat' dir='ltr'><strong>pa</strong></span> <span class='ocrx_word' id='word_1_338' title='bbox 1251 3713 1324 3766; x_wconf 79' lang='lat'><strong>303.</strong></span> <span class='ocrx_word' id='word_1_339' title='bbox 1404 3766 1405 3769; x_wconf 64' lang='grc'><strong><em>,</em></strong></span> 
     </span>
    </p>

    <p class='ocr_par' dir='ltr' id='par_1_18' title="bbox 286 3775 1326 3872">
     <span class='ocr_line' id='line_1_41' title="bbox 286 3775 1326 3872; baseline 0.005 -27"><span class='ocrx_word' id='word_1_340' title='bbox 286 3785 332 3847; x_wconf 84' lang='lat' dir='ltr'><strong>ed.</strong></span> <span class='ocrx_word' id='word_1_341' title='bbox 364 3783 406 3867; x_wconf 66' lang='lat' dir='ltr'><strong>ff.</strong></span> <span class='ocrx_word' id='word_1_342' title='bbox 433 3780 564 3860; x_wconf 87' lang='lat' dir='ltr'><strong>Steph.]:</strong></span> <span class='ocrx_word' id='word_1_343' title='bbox 594 3775 650 3846; x_wconf 80' lang='grc' dir='ltr'><strong>ὅτε</strong></span> <span class='ocrx_word' id='word_1_344' title='bbox 675 3780 737 3862; x_wconf 75' lang='grc' dir='ltr'><strong>μὲν</strong></span> <span class='ocrx_word' id='word_1_345' title='bbox 764 3778 826 3870; x_wconf 79' lang='grc' dir='ltr'><strong>γὰρ</strong></span> <span class='ocrx_word' id='word_1_346' title='bbox 853 3777 968 3860; x_wconf 77' lang='grc' dir='ltr'><strong><em>αὑτοῖς</em></strong></span> <span class='ocrx_word' id='word_1_347' title='bbox 995 3781 1148 3863; x_wconf 78' lang='grc' dir='ltr'><strong><em>ἐξουσίαν</em></strong></span> <span class='ocrx_word' id='word_1_348' title='bbox 1176 3777 1326 3872; x_wconf 72' lang='grc' dir='ltr'><strong><em>ἤλπισαν</em></strong></span> 
     </span>
    </p>

    <p class='ocr_par' dir='ltr' id='par_1_19' title="bbox 263 3857 1326 4025">
     <span class='ocr_line' id='line_1_42' title="bbox 263 3857 1326 3954; baseline 0.002 -20"><span class='ocrx_word' id='word_1_349' title='bbox 263 3860 429 3934; x_wconf 68' lang='grc' dir='ltr'><strong><em>’ἔσεσθαι</em></strong></span> <span class='ocrx_word' id='word_1_350' title='bbox 457 3867 568 3944; x_wconf 87' lang='grc' dir='ltr'><strong><em>ποιεῖν</em></strong></span> <span class='ocrx_word' id='word_1_351' title='bbox 596 3858 632 3938; x_wconf 82' lang='grc' dir='ltr'><strong>ὅ,</strong></span> <span class='ocrx_word' id='word_1_352' title='bbox 661 3886 694 3928; x_wconf 88' lang='grc' dir='ltr'><strong>τι</strong></span> <span class='ocrx_word' id='word_1_353' title='bbox 724 3857 765 3928; x_wconf 71' lang='grc' dir='ltr'><strong>ἂν</strong></span> <span class='ocrx_word' id='word_1_354' title='bbox 791 3866 1014 3952; x_wconf 80' lang='grc' dir='ltr'><strong><em>βουληθῶσιν.</em></strong></span> <span class='ocrx_word' id='word_1_355' title='bbox 1045 3869 1252 3954; x_wconf 72' lang='lat' dir='ltr'><strong>quodcunque</strong></span> <span class='ocrx_word' id='word_1_356' title='bbox 1269 3893 1326 3938; x_wconf 89' lang='grc' dir='ltr'><strong><em>αο-</em></strong></span> 
     </span>
     <span class='ocr_line' id='line_1_43' title="bbox 284 3949 953 4025; baseline 0.001 -16"><span class='ocrx_word' id='word_1_357' title='bbox 284 3952 424 4018; x_wconf 58' lang='lat' dir='ltr'><strong>Munna.</strong></span> <span class='ocrx_word' id='word_1_358' title='bbox 467 3949 507 4010; x_wconf 87' lang='lat' dir='ltr'><strong>Et</strong></span> <span class='ocrx_word' id='word_1_359' title='bbox 528 3949 597 4010; x_wconf 86' lang='lat' dir='ltr'><strong>alibi</strong></span> <span class='ocrx_word' id='word_1_360' title='bbox 618 3949 694 4025; x_wconf 89' lang='lat' dir='ltr'><strong>apud</strong></span> <span class='ocrx_word' id='word_1_361' title='bbox 715 3951 790 4011; x_wconf 88' lang='lat' dir='ltr'><strong>alios</strong></span> <span class='ocrx_word' id='word_1_362' title='bbox 811 3963 953 4013; x_wconf 80' lang='lat' dir='ltr'><strong>auctores.</strong></span> 
     </span>
    </p>

    <p class='ocr_par' dir='ltr' id='par_1_20' title="bbox 368 4025 1325 4118">
     <span class='ocr_line' id='line_1_44' title="bbox 368 4025 1325 4118; baseline 0 -20"><span class='ocrx_word' id='word_1_363' title='bbox 368 4033 406 4098; x_wconf 88' lang='lat' dir='ltr'><strong>ln</strong></span> <span class='ocrx_word' id='word_1_364' title='bbox 433 4034 564 4114; x_wconf 79' lang='lat' dir='ltr'><strong>Optatiri</strong></span> <span class='ocrx_word' id='word_1_365' title='bbox 589 4054 659 4095; x_wconf 83' lang='lat' dir='ltr'><strong>vero</strong></span> <span class='ocrx_word' id='word_1_366' title='bbox 685 4035 806 4118; x_wconf 78' lang='lat' dir='ltr'><strong>vocibus</strong></span> <span class='ocrx_word' id='word_1_367' title='bbox 835 4055 896 4097; x_wconf 91' lang='lat' dir='ltr'><strong>non</strong></span> <span class='ocrx_word' id='word_1_368' title='bbox 923 4056 1040 4113; x_wconf 80' lang='lat' dir='ltr'><strong>semper</strong></span> <span class='ocrx_word' id='word_1_369' title='bbox 1059 4025 1211 4112; x_wconf 84' lang='lat' dir='ltr'><strong>utramque</strong></span> <span class='ocrx_word' id='word_1_370' title='bbox 1230 4036 1325 4098; x_wconf 85' lang='lat' dir='ltr'><strong>facul·</strong></span> 
     </span>
    </p>

    <p class='ocr_par' dir='ltr' id='par_1_21' title="bbox 285 4115 1324 4212">
     <span class='ocr_line' id='line_1_45' title="bbox 285 4115 1324 4212; baseline 0.002 -32"><span class='ocrx_word' id='word_1_371' title='bbox 285 4129 371 4182; x_wconf 87' lang='lat' dir='ltr'><strong>tatem</strong></span> <span class='ocrx_word' id='word_1_372' title='bbox 397 4123 430 4181; x_wconf 86' lang='lat' dir='ltr'><strong>in</strong></span> <span class='ocrx_word' id='word_1_373' title='bbox 457 4140 546 4180; x_wconf 88' lang='lat' dir='ltr'><strong>unum</strong></span> <span class='ocrx_word' id='word_1_374' title='bbox 577 4115 684 4196; x_wconf 76' lang='lat' dir='ltr'><strong>redigi</strong></span> <span class='ocrx_word' id='word_1_375' title='bbox 701 4119 850 4212; x_wconf 78' lang='lat' dir='ltr'><strong>contingit.</strong></span> <span class='ocrx_word' id='word_1_376' title='bbox 892 4117 970 4181; x_wconf 86' lang='lat' dir='ltr'><strong>Nam</strong></span> <span class='ocrx_word' id='word_1_377' title='bbox 998 4120 1025 4180; x_wconf 83' lang='grc' dir='ltr'><strong><em>εἰ</em></strong></span> <span class='ocrx_word' id='word_1_378' title='bbox 1053 4120 1090 4180; x_wconf 84' lang='grc' dir='ltr'><strong><em>’δε</em></strong></span> <span class='ocrx_word' id='word_1_379' title='bbox 1111 4141 1143 4180; x_wconf 88' lang='lat' dir='ltr'><strong>re</strong></span> <span class='ocrx_word' id='word_1_380' title='bbox 1166 4124 1324 4199; x_wconf 86' lang='lat' dir='ltr'><strong>praeterita</strong></span> 
     </span>
    </p>
   </div>
   <div class='ocr_carea' id='block_1_5' title="bbox 0 0 1421 4634">
    <p class='ocr_par' dir='ltr' id='par_1_22' title="bbox 0 0 1421 4634">
     <span class='ocr_line' id='line_1_46' title="bbox 0 0 1421 4634; baseline 0 0"><span class='ocrx_word' id='word_1_381' title='bbox 0 0 1421 4634; x_wconf 95' lang='lat' dir='ltr'><strong> </strong></span> 
     </span>
    </p>
   </div>
  </div>
 </body>
</html>
