2825 4634
282 306 345 375 150
522 308 529 313 ’
669 372 673 381 ,
713 304 867 387 πόσος.

189 492 192 499 ·
281 475 375 541 acsi
402 475 589 545 ,ennsdative
618 473 797 555 diceremus,
835 464 969 563 σφόδρα
989 464 1183 558 ‘despoton
1217 474 1312 557 'Qua-

195 580 198 587 ·
280 566 415 637 propter,
435 567 467 619 ut
486 561 567 619 vocis
591 549 770 644 ἇπέρανον,
792 561 823 621 id
845 569 901 637 est,
921 557 1014 623 valde
1032 556 1206 641 infinitum,
1227 580 1314 635 supra

281 645 386 709 dictam
416 642 610 703 conditionem
640 647 834 722 retineamus,
867 664 1004 720 cogemur
1032 643 1136 719 fateri,
1166 645 1199 703 in
1227 663 1314 719 supra

237 758 245 767 ·
280 728 356 795 dieto
376 723 586 803 Aristophanis
607 728 691 804 loco,
711 750 813 789 uocem
835 718 1054 811 ἆπέρατον,ο
1077 726 1313 803 praecedentibus
1382 765 1383 808 3

280 807 319 875 νδ
346 809 458 895 ’χρ”μα
484 810 549 874 τῶν
576 812 700 874 νυκτῶν
730 807 826 884 ὅσον,
848 810 1040 887 separandam
1070 830 1152 871 ease:
1173 812 1223 870 illa
1244 832 1313 871 vero

280 914 346 955 cum
404 894 563 955 mirationis
584 901 613 957 et
632 895 841 971 indignationis
858 891 963 955 affectu
978 894 1206 971 pronuncianda,
1224 903 1257 952 ut
1270 894 1313 953 di·

281 984 344 1054 eat,
378 970 458 1043 ὅσον
488 972 571 1041 ἐστὶ·
589 971 627 1043 τὸ
656 979 770 1063 χρῆμα
797 979 863 1042 τῶν
895 976 1033 1054 νυκτῶν,
1065 986 1095 1037 et
1124 979 1162 1038 sit
1191 996 1312 1039 sensus:

251 1062 374 1142 'quum
407 1059 533 1140 hugum
560 1072 593 1123 et
617 1058 799 1125 diuturnam
827 1058 1001 1141 cataonia
1026 1057 1180 1143 spatium:
1207 1060 1313 1119 deinde

154 1180 159 1194 ·
234 1176 243 1197 ο
279 1145 435 1221 subiungat
455 1143 661 1219 uerecunde
680 1151 710 1204 et
731 1140 953 1229 inexpectatae,
973 1145 994 1203 i.
1007 1163 1035 1203 e.
1055 1141 1269 1207 construendi
1287 1152 1314 1204 et

177 1242 184 1259 ‘
278 1224 471 1291 deomendi
488 1225 598 1304 modo,
619 1227 772 1304 uidelicet,
793 1219 974 1311 ἀπέρατον,
1003 1237 1034 1287 et
1052 1225 1233 1288 ιἰιιιιιικιιιιιι
1252 1248 1314 1290 esre

277 1308 377 1373 noctis
403 1306 550 1389 epatium.
591 1308 629 1369 In
658 1309 746 1373 bane,
762 1313 850 1369 etiam
878 1311 1051 1371 sententiam
1078 1310 1248 1369 adducimur
1269 1330 1313 1385 eo,

279 1392 359 1470 qrrod
390 1412 499 1451 nomen
529 1384 611 1456 ὁόον
642 1395 718 1453 nulli
750 1394 937 1468 praeponitur
967 1414 1067 1453 eorum
1098 1392 1313 1468 adiectirorum,

280 1497 345 1539 cnm
376 1476 481 1552 quibus
512 1476 677 1553 copuletur,
719 1477 774 1537 sed
803 1496 920 1552 semper
948 1479 1014 1537 istis
1043 1479 1247 1554 postponitur,
1284 1484 1313 1534 ut

279 1552 476 1637 θαυμαστὸν
500 1552 597 1631 ὅσον,
629 1550 795 1644 ἀμήχανον
825 1554 924 1635 ὅσον,
956 1551 1127 1643 ὑπερφυές
1155 1556 1255 1632 δὀον,
1286 1568 1313 1619 et

278 1643 407 1718 reliqua,
437 1643 469 1700 in
503 1643 607 1716 quibus
633 1663 742 1703 nomen
770 1637 853 1706 ὅσον
880 1662 934 1718 pro
962 1635 1036 1706 λίαν
1059 1643 1196 1702 adverbio
1223 1645 1312 1719 accipi

279 1728 367 1788 sentit
396 1721 550 1800 Budaeus,
581 1732 613 1785 ut
638 1727 716 1800 apud
742 1724 909 1788 Platonem
940 1716 986 1799 ῶς
1009 1720 1206 1827 θαυριασιδν
1233 1721 1311 1790 ὅσον

157 1808 162 1821 ’
260 1800 458 1882 ’Διονύσιος
485 1803 696 1883 ἐπιδεδωκὼς
724 1801 777 1891 εἴη
806 1803 893 1892 πρὸς
921 1805 1144 1892 φιλοσοφιαν,
1176 1816 1216 1905 ιι,
1237 1810 1312 1884 apud

277 1888 485 1963 Aristotelem:
514 1886 712 1961 θαυμαστὸν
741 1886 823 1954 ὅσον
848 1889 905 1953 δια
933 1884 1013 1973 έρει.
1071 1887 1123 1951 Sic
1147 1878 1312 1975 ᾆμηχανοκ

277 1968 360 2040 ὅσον
382 1992 535 2055 perquam
563 1966 700 2056 difficile¹
715 1973 881 2050 significare
901 1909 994 2033 beet.
1034 1970 1071 2032 lu
1092 1974 1197 2050 quibus
1219 1976 1311 2033 omni,

277 2058 350 2131 bus,
376 2059 403 2116 si
428 2074 537 2114 nomen
563 2049 645 2118 ὅσον
670 2076 723 2132 pro
752 2050 827 2118 λίαν
854 2056 1007 2128 adverbio,
1039 2058 1130 2131 accipi
1157 2076 1310 2133 ponamus,

276 2140 453 2200 locutionem
479 2139 560 2196 illam
586 2131 784 2215 θαυμαστὸν
811 2132 894 2202 ὅσον
921 2132 1136 2209 ἐπιδέδωκεν,
1163 2140 1198 2197 in
1225 2142 1311 2202 θαυ·

276 2218 404 2304 μαστὸν
430 2214 504 2284 λίαν
532 2215 734 2283 ἐπιδέδωκεν
758 2222 908 2281 resoluere
930 2240 1084 2297 cogemur.
1126 2220 1311 2300 Quapropter

275 2307 392 2381 planius
419 2302 684 2379 interpretabimur,
713 2305 740 2375 si
767 2324 876 2363 nomen
904 2298 986 2368 ὁόον
1011 2306 1047 2366 ab
1076 2305 1246 2382 adiectiris,
1266 2309 1310 2365 in-

275 2388 464 2462 terpositione
491 2387 572 2443 vocis
600 2379 672 2447 έσοί
696 2387 974 2464 subintelligentiae,
1003 2408 1183 2463 separemus,
1204 2398 1237 2451 ut
1258 2392 1309 2450 sit:

275 2462 447 2553 ὑπερφυές
474 2462 562 2529 ἐστιν
589 2461 671 2529 δ’σον
697 2462 911 2542 ἐπιδέδωκεν,
944 2479 973 2529 et
996 2467 1193 2549 θαυμαστόν
1224 2469 1311 2537 ἐστιν

275 2547 358 2615 ὅσον
384 2544 549 2633 διαφέρει.
590 2546 712 2611 Plenior
736 2563 832 2612 autem
860 2554 965 2613 locutio
987 2563 1075 2629 esset,
1096 2557 1124 2613 si
1142 2554 1309 2617 Infinitirus

276 2634 446 2707 adderetur,
467 2642 546 2709 puta,
568 2625 691 2705 εἰπεῖν,
714 2636 763 2695 vel
782 2637 913 2719 νοῆσαι,
932 2657 962 2695 v.
984 2656 1009 2697 c.
1032 2627 1079 2717 ἆμ
1092 2630 1200 2713 ’χανόν
1221 2634 1309 2702 ἐστιν

275 2712 399 2790 εἰπεῖν,
425 2724 454 2775 et
483 2708 655 2801 ὑπερφυές
682 2712 770 2780 ἔστιν
791 2710 898 2780 εἰπεῖν
919 2713 1001 2781 ὅσον
1021 2659 1240 2791 ἐπιδέδωκεν,
1262 2722 1309 2781 vel

273 2796 356 2864 ὅσον
395 2795 561 2885 διαφέρει.
614 2796 709 2874 Apud
745 2797 900 2875 Aristopb.
937 2803 971 2861 in
1002 2798 1096 2862 Raris
1129 2807 1171 2875 [v.
1206 2807 1308 2875 usa]

273 2885 393 2963 legiturz
759 2956 762 2962 ¹
1183 2886 1189 2899 ‘

479 2957 565 3031 ridde
580 2958 635 3037 γὰρ
654 2957 812 3038 ἡμάρτηκεν
828 2958 959 3038 οὐράνιόν
974 2961 998 3037 γ’
1018 2959 1102 3033 ὅπως
1133 2968 1156 3003 ·“

670 3177 915 3261 Τόοοα

356 3323 466 3407 Τόοος
492 3334 580 3392 etiam
602 3320 863 3401 ἀνταποδοιικδν
888 3327 960 3399 doci
979 3332 1039 3398 οοῦ
1059 3328 1155 3410 δ’σος,
1179 3324 1307 3419 ᾇναφο·

168 3438 172 3455 ·
270 3414 382 3519 pauci,
411 3434 475 3473 cum
502 3414 639 3474 didmns:
659 3410 751 3490 δοος
778 3411 848 3478 ἐστὶ
875 3410 1004 3499 πύργος
1021 3414 1187 3498 μέγιστος,
1207 3411 1307 3493 educe

271 3520 315 3582 ην
343 3518 361 3559 ο
383 3485 516 3559 Ῥοδίων
544 3492 714 3572 κολοσσός.
756 3496 871 3558 Dicitur
890 3502 977 3559 etiam
997 3494 1226 3575 adcognomen
1246 3499 1306 3562 ab·

268 3580 382 3656 solede,
404 3580 468 3639 sine
491 3578 661 3661 collatione,
683 3581 762 3658 qarod
778 3582 883 3642 dicitnr
901 3579 1156 3656 κατασοατὶκδν,
1180 3593 1211 3643 ut
1227 3584 1306 3659 quod

267 3661 440 3829 ρρνιεοίιιιαο
467 3664 530 3723 sive
549 3660 690 3726 stabiliat
711 3666 841 3743 aliquid,
867 3674 900 3726 ut
919 3666 997 3742 apud
1016 3664 1179 3727 Homerum
1209 3664 1304 3742 [blind.

301 3787 312 3810 .
335 3766 365 3809 v.
389 3749 488 3816 129.]:

405 3836 506 3897 τόσσον
530 3834 585 3912 ἐγώ
610 3860 684 3913 φημι
708 3843 794 3905 πλέας
817 3844 937 3917 ἔμμεναι
960 3837 1023 3907 νίας
1042 3843 1161 3918 Ἀχαιῶν

370 3988 373 3997 ,
411 3922 521 4002 Τρῶων,
541 3928 568 3981 οἳ
584 3932 694 3983 ναίουσι
712 3925 781 3983 κατὰ
798 3924 905 3987 πτόλιν.
1142 3969 1145 3973 -

267 4032 307 4095 Et
328 4009 404 4113 apud
424 4030 584 4115 {Virgilium
605 4028 699 4105 [Aen.
721 4031 797 4095 lav.
820 4040 901 4109 33.]ι

406 4140 497 4221 abutor
512 4144 588 4201 modia
606 4158 663 4201 crat
678 4148 825 4202 Romam
842 4149 954 4221 eundae
970 4160 1081 4219 gersten.
