2825 4634
296 282 362 351 100
769 287 862 353 ποῦ.

260 478 266 490 ’
300 456 371 529 erit,
393 454 419 513 si
438 444 484 537 μὴ
506 450 597 513 verbo·
616 452 769 527 principati
791 453 935 528 adplicare
957 456 1144 515 tentabimus:
1164 466 1195 515 ut
1214 461 1245 515 iu
1265 479 1324 532 pro·

299 540 380 599 xime
401 537 476 597 dicto
496 536 631 612 exemplo
643 535 769 612 Galeni,
789 539 822 595 in
843 559 916 613 qrto,
938 558 1002 597 eum
1023 532 1054 601 ei
1074 535 1121 622 ptr)
1144 542 1225 600 nulio
1247 543 1326 601 modo

300 643 365 681 cnm
400 621 581 696 exceptionis
610 640 702 683 sensu
738 620 880 696 quadrare
911 625 1022 697 possit,
1057 623 1110 681 sed
1141 626 1326 685 conditionem

300 708 366 767 siue
385 708 558 781 exceptione
579 724 650 779 prae
670 724 703 764 se
724 704 817 779 seret,
838 707 983 782 arguitur,
1009 706 1204 768 conditionem
1223 713 1327 787 neguti-

299 810 367 851 vam
387 811 453 848 cum
473 791 646 864 exceptione
668 796 745 849 stare
765 804 826 847 uon
846 809 944 863 posse.

125 883 199 952 πλὴν
222 886 246 939 εἰ
263 897 291 937 et
381 872 473 933 Porro
501 868 590 957 πλὴν
619 864 665 945 εἰ,
694 880 724 931 et
751 868 838 957 πλὴν
864 868 921 935 ἐὰν
945 893 1063 949 quoque
1084 864 1202 950 dicitur,
1222 874 1277 935 hoc
1295 879 1327 936 att

125 952 198 1022 πλὴν
230 948 350 1020 etam,
372 957 527 1032 differens,
549 955 628 1032 quud
647 951 734 1039 πλὴν
756 948 801 1028 εἰ,
823 964 881 1015 tam
901 956 1102 1032 Indicotiao,
1121 980 1210 1034 quiam
1232 959 1327 1040 Opta·

297 1042 361 1125 tivo
376 1044 520 1118 iungitur,
539 1034 630 1121 πλὴν
646 1033 703 1107 ἐὰν
721 1047 817 1097 autem
828 1037 1037 1103 Ἰδοῖηίιοοῖιοο
1043 1083 1056 1116 ,
1072 1051 1105 1100 ut
1120 1043 1199 1118 aprrd
1208 1041 1326 1105 Aristot.

298 1118 387 1208 πλὴν
408 1121 466 1189 ἐὰν
485 1122 587 1207 κῆρ-ος
605 1113 631 1203 ἢ
651 1114 738 1205 χήρα
759 1118 902 1204 γένηται.
933 1122 1079 1199 Exempla
1101 1146 1166 1184 cum
1187 1125 1328 1208 optativo

298 1218 366 1270 sunt
396 1210 549 1267 iuuuruera
579 1216 639 1265 tum
670 1204 748 1279 apud
778 1206 864 1265 aliosn
884 1216 1032 1282 arcatores,
1059 1210 1118 1267 tum
1144 1212 1231 1268 etiam
1258 1212 1327 1286 apud

298 1290 472 1366 Getarum,
494 1285 593 1353 παιδὶ
623 1282 781 1372 intirim.
813 1284 881 1352 tion
908 1312 945 1353 cc
971 1280 1056 1353 itta
1082 1293 1222 1356 τοιαῦτα
1251 1291 1327 1395 retia

298 1368 362 1443 εἴτι
388 1368 512 1439 τούτων
542 1364 628 1451 iicet,
655 1366 692 1435 cri
720 1364 831 1455 δριμύ.
873 1371 913 1432 Et
940 1370 1021 1478 napi
1046 1373 1226 1460 φλεβοοομ
1250 1376 1326 1463 πλην

298 1450 442 1523 εἴποτε
467 1455 564 1538 μέχρι
591 1452 819 1531 introeuntes
846 1444 936 1538 iiycw
966 1480 1024 1542 apa
1053 1453 1188 1522 κένωσιν
1209 1456 1325 1539 ἐπιχει-

297 1542 424 1646 ροῖμεο.
467 1538 505 1597 Εῐ
526 1540 618 1614 primo
639 1538 675 1597 de
697 1536 784 1599 Gaas.
806 1541 882 1613 puls.
904 1536 993 1625 πλὴν
1014 1533 1128 1604 ai‘rrott’
1151 1534 1172 1627 ἦ
1195 1537 1326 1622 δύναμις

297 1618 443 1704 εοχοὲτως
475 1615 526 1703 εἴη
560 1624 751 1705 κεκμηκεῖα.
800 1620 891 1685 Gaius
919 1627 1140 1685 constructionis
1165 1648 1254 1687 causo
1277 1639 1325 1700 est,

241 1724 245 1735 ‘
297 1709 376 1786 quod
396 1706 527 1783 Optendi
547 1726 635 1767 voees
655 1706 822 1766 dubitativis
846 1710 984 1791 sensibus
1003 1711 1197 1789 conveniunt,
1218 1712 1325 1788 quatem

294 1814 366 1871 prae
386 1812 420 1855 ae
440 1792 498 1852 fert
519 1782 551 1854 εἰ
571 1790 729 1851 dubitativa
749 1791 885 1851 conditio.

750 1925 880 1989 Ποῦ.

378 2042 469 2116 Ποῦ,
487 2042 660 2125 ιοιίνοοῐοίοιιι
680 2040 803 2119 locale,
824 2044 1032 2120 interrogative
1053 2050 1219 2121 acceptum,
1240 2046 1325 2122 uigui-

294 2129 363 2190 ticat
383 2126 456 2204 obt,
477 2146 621 2202 suamque
640 2133 789 2185 accentum
808 2129 924 2202 retinet,
946 2136 975 2187 et
994 2130 1142 2203 praecedit
1161 2130 1235 2189 alias
1255 2149 1324 2188 eom·

293 2212 499 2291 prehensiouis
516 2218 630 2286 partes,
647 2216 679 2267 ut
696 2209 765 2272 ποῦ
779 2208 836 2273 νῦν
854 2207 953 2294 δεῦρο
972 2206 1053 2275 κιὼν
1069 2207 1323 2294 λίπεςἛκτορο;

294 2307 325 2357 et
350 2296 419 2360 ποῦ
449 2290 487 2358 δὲ
512 2286 546 2357 οὶ
575 2285 669 2355 ἔντεα
697 2291 816 2355 κεῖται.
855 2284 1041 2379 Ἀορίσοως
1067 2304 1163 2356 autem
1185 2305 1324 2372 acceptum

293 2378 493 2455 postponitur,
522 2396 634 2450 suoque
662 2383 782 2435 accentu
809 2376 958 2453 deposito,
978 2381 1112 2454 proxime
1131 2381 1324 2455 praecedentis

182 2463 188 2471 '
293 2463 375 2524 vocis
402 2466 521 2519 accentu
549 2478 603 2520 scu
630 2465 699 2518 tono
723 2462 850 2539 regitur,
874 2470 904 2521 et
924 2460 1045 2527 aliendi
1062 2464 1217 2541 siguificat.
1258 2462 1324 2525 Ari·

292 2543 390 2621 stoph.
410 2545 444 2603 in
463 2540 549 2603 Pluto
572 2548 613 2615 [v.
638 2548 740 2615 300.]=
1110 2590 1114 2594 .

592 2658 651 2725 εἰκῆ
676 2656 709 2711 δὲ
731 2658 941 2733 κοταδορθέντο
965 2657 1029 2715 πού.

290 2760 451 2823 Localibus
478 2763 564 2822 etiam
594 2763 756 2838 adverbiis,
786 2784 861 2839 quae
891 2775 1000 2825 certum
1025 2787 1060 2825 ao
1087 2764 1240 2827 definitum
1264 2765 1320 2838 qni·

257 2920 259 2927 J
291 2849 385 2924 dem,
404 2847 457 2909 sed
483 2854 580 2904 tamen
606 2847 664 2905 late
691 2856 839 2922 patentem
859 2848 953 2907 locum
974 2850 1155 2926 significant,
1176 2848 1320 2919 adiectum,

289 2934 451 3008 praecisam
478 2937 507 2988 et
533 2931 566 2989 in
592 2938 699 3005 puncto
728 2932 934 2991 consistentem
955 2932 1224 2993 determinationem
1243 2932 1320 3002 tollit,

289 3025 339 3090 ut,
367 3035 432 3073 cum
453 3012 574 3072 dicimus
598 3007 744 3075 ἐνταῦθά
765 3035 849 3086 που,
879 3026 911 3074 ut
932 3018 1009 3093 apud
1030 3015 1191 3077 Galeuumz
1212 3010 1320 3077 ἑποῦ·

262 3170 265 3176 ,
288 3093 340 3161 eat
363 3117 431 3161 που
453 3092 511 3160 τὸν
534 3088 630 3179 λόφον
652 3091 900 3173 καταλιπόντες.

359 3179 447 3241 'Cum
474 3188 570 3239 etitem
590 3178 812 3257 otoxetoctttu'ig
832 3185 984 3259 accipitur,
1005 3205 1059 3259 pro
1074 3179 1223 3265 fortasse
1243 3181 1319 3239 (tuiti⁴

289 3256 369 3323 tandi
401 3264 530 3324 adverbii
563 3266 623 3323 vim
653 3262 765 3338 induit,
802 3284 975 3342 semperque
1007 3261 1205 3348 ἕγκλίνοτοι,
1241 3274 1321 3341 atque

290 3348 363 3406 adeo
393 3367 509 3422 semper
536 3342 736 3423 postponitur,
767 3350 1025 3425 praecedentisque
1054 3350 1190 3409 dictionis
1210 3348 1319 3407 accentu

241 3452 243 3455 ·
289 3430 338 3500 rel
364 3438 434 3489 tono
466 3431 585 3505 regitur.
630 3428 717 3488 Unde
743 3452 911 3511 monemur,
941 3429 979 3498 ad
1000 3426 1228 3511 στοχαστικὸν,
1248 3451 1319 3501 που,

289 3504 447 3597 ἀόριστον
472 3512 572 3571 itidem
601 3533 684 3574 esser
713 3523 812 3574 contra
839 3516 888 3591 id,
915 3517 994 3592 quod
1021 3517 1116 3576 locale
1143 3525 1204 3591 est,
1232 3506 1319 3595 ἀόρι-

289 3616 366 3660 στον
407 3615 474 3656 esse
515 3616 577 3653 non
618 3617 725 3673 posse,
768 3601 828 3659 nisi
868 3601 955 3659 loculi
997 3599 1134 3659 adverbio
1177 3599 1318 3659 adiicietur
1381 3659 1382 3676 χ

287 3689 319 3740 ut
359 3700 448 3755 supra
488 3677 594 3738 dictum
633 3687 687 3740 est.
737 3679 815 3741 Nam
853 3684 930 3761 apud
963 3680 1139 3760 Sophoclem
1168 3684 1201 3741 in
1231 3679 1318 3743 Aiace
1381 3681 1382 3690 ’

288 3771 328 3837 [v.
354 3766 426 3825 596.
448 3767 530 3837 9742

545 3848 567 3914 ὦ
592 3844 850 3933 eternitatem,
875 3860 910 3917 οὐ
933 3866 989 3933 μέν
1011 3882 1068 3919 που

543 3950 629 4008 ναίεις
634 3970 645 4015 ,·

285 4068 346 4107 nnu
372 4047 463 4107 locele
494 4060 538 4109 est
565 4046 603 4114 ’τὸ
631 4071 714 4123 που,
742 4051 796 4111 sed
824 4045 1038 4130 στοχαστικὸν
1063 4051 1214 4110 duntaxat.
1257 4048 1328 4131 Nou

286 4130 498 4223 euimdubitut
525 4144 648 4210 auctor,
669 4154 802 4216 quonam
831 4132 955 4199 iu‘toco
976 4133 1115 4199 Salamis
1134 4135 1240 4197 insuto
1261 4132 1315 4195 rito
