<?xml version="1.0" encoding="UTF-8"?>
<!DOCTYPE html PUBLIC "-//W3C//DTD XHTML 1.0 Transitional//EN"
    "http://www.w3.org/TR/xhtml1/DTD/xhtml1-transitional.dtd">
<html xmlns="http://www.w3.org/1999/xhtml" xml:lang="en" lang="en">
 <head>
  <title>
</title>
<meta http-equiv="Content-Type" content="text/html;charset=utf-8" />
  <meta name='ocr-system' content='tesseract 3.04.00' />
  <meta name='ocr-capabilities' content='ocr_page ocr_carea ocr_par ocr_line ocrx_word'/>
</head>
<body>
  <div class='ocr_page' id='page_1' title='image "./matthaeidevarii00devagoog/matthaeidevarii00devagoog_0015.png"; bbox 0 0 2825 4634; ppageno 0'>
   <div class='ocr_carea' id='block_1_1' title="bbox 495 329 1136 413">
    <p class='ocr_par' dir='ltr' id='par_1_1' title="bbox 495 329 1136 413">
     <span class='ocr_line' id='line_1_1' title="bbox 495 329 1136 413; baseline 0.006 -9"><span class='ocrx_word' id='word_1_1' title='bbox 495 329 752 413; x_wconf 78' lang='lat' dir='ltr'>Praelatio.</span> <span class='ocrx_word' id='word_1_2' title='bbox 1035 373 1044 386; x_wconf 82' lang='grc'><em>·</em></span> <span class='ocrx_word' id='word_1_3' title='bbox 1088 363 1136 408; x_wconf 83' lang='lat' dir='ltr'>xr</span> 
     </span>
    </p>
   </div>
   <div class='ocr_carea' id='block_1_2' title="bbox 107 508 1235 1784">
    <p class='ocr_par' dir='ltr' id='par_1_2' title="bbox 107 508 1235 1784">
     <span class='ocr_line' id='line_1_2' title="bbox 107 508 1136 608; baseline 0.011 -34"><span class='ocrx_word' id='word_1_4' title='bbox 107 508 238 576; x_wconf 82' lang='lat' dir='ltr'>alteriue</span> <span class='ocrx_word' id='word_1_5' title='bbox 265 510 445 597; x_wconf 77' lang='lat' dir='ltr'><strong>cognitione</strong></span> <span class='ocrx_word' id='word_1_6' title='bbox 474 513 629 601; x_wconf 78' lang='lat' dir='ltr'>intelligi,</span> <span class='ocrx_word' id='word_1_7' title='bbox 658 514 795 601; x_wconf 85' lang='lat' dir='ltr'>ideireo,</span> <span class='ocrx_word' id='word_1_8' title='bbox 815 533 852 584; x_wconf 90' lang='lat' dir='ltr'>ut</span> <span class='ocrx_word' id='word_1_9' title='bbox 873 517 1019 606; x_wconf 81' lang='lat' dir='ltr'>singulae</span> <span class='ocrx_word' id='word_1_10' title='bbox 1040 542 1136 608; x_wconf 85' lang='lat' dir='ltr'>quae-</span> 
     </span>
     <span class='ocr_line' id='line_1_3' title="bbox 107 625 1235 721; baseline 0.012 -30"><span class='ocrx_word' id='word_1_11' title='bbox 107 647 169 712; x_wconf 88' lang='lat' dir='ltr'>que</span> <span class='ocrx_word' id='word_1_12' title='bbox 198 625 235 692; x_wconf 92' lang='lat' dir='ltr'>in</span> <span class='ocrx_word' id='word_1_13' title='bbox 264 626 442 696; x_wconf 83' lang='lat' dir='ltr'>litterarum</span> <span class='ocrx_word' id='word_1_14' title='bbox 472 632 585 712; x_wconf 81' lang='lat' dir='ltr'>ordine</span> <span class='ocrx_word' id='word_1_15' title='bbox 615 657 688 700; x_wconf 83' lang='lat' dir='ltr'>suas</span> <span class='ocrx_word' id='word_1_16' title='bbox 713 633 834 721; x_wconf 80' lang='lat' dir='ltr'>primas</span> <span class='ocrx_word' id='word_1_17' title='bbox 859 633 979 702; x_wconf 78' lang='lat' dir='ltr'>litteras</span> <span class='ocrx_word' id='word_1_18' title='bbox 1006 637 1134 721; x_wconf 81' lang='lat' dir='ltr'>hebent,</span> <span class='ocrx_word' id='word_1_19' title='bbox 1230 679 1235 692; x_wconf 90' lang='lat'><strong>·</strong></span> 
     </span>
     <span class='ocr_line' id='line_1_4' title="bbox 108 741 1138 819; baseline 0.012 -12"><span class='ocrx_word' id='word_1_20' title='bbox 108 741 153 808; x_wconf 85' lang='lat' dir='ltr'>ite</span> <span class='ocrx_word' id='word_1_21' title='bbox 173 742 287 809; x_wconf 80' lang='lat' dir='ltr'>ordine</span> <span class='ocrx_word' id='word_1_22' title='bbox 308 745 536 818; x_wconf 80' lang='lat' dir='ltr'>describentur.</span> <span class='ocrx_word' id='word_1_23' title='bbox 588 747 675 818; x_wconf 84' lang='lat' dir='ltr'>illud</span> <span class='ocrx_word' id='word_1_24' title='bbox 696 765 801 818; x_wconf 88' lang='lat' dir='ltr'>tamen</span> <span class='ocrx_word' id='word_1_25' title='bbox 820 752 976 819; x_wconf 80' lang='lat' dir='ltr'>hocloco</span> <span class='ocrx_word' id='word_1_26' title='bbox 995 752 1138 819; x_wconf 80' lang='lat' dir='ltr'>animad-</span> 
     </span>
     <span class='ocr_line' id='line_1_5' title="bbox 108 861 1139 960; baseline 0.009 -31"><span class='ocrx_word' id='word_1_27' title='bbox 108 861 298 929; x_wconf 83' lang='lat' dir='ltr'>vertendum</span> <span class='ocrx_word' id='word_1_28' title='bbox 322 862 467 948; x_wconf 84' lang='lat' dir='ltr'>videtur,</span> <span class='ocrx_word' id='word_1_29' title='bbox 505 891 616 935; x_wconf 87' lang='lat' dir='ltr'>earum</span> <span class='ocrx_word' id='word_1_30' title='bbox 642 868 890 955; x_wconf 76' lang='lat' dir='ltr'>particularum,</span> <span class='ocrx_word' id='word_1_31' title='bbox 923 893 999 955; x_wconf 82' lang='lat' dir='ltr'>quae</span> <span class='ocrx_word' id='word_1_32' title='bbox 1028 895 1139 960; x_wconf 82' lang='grc' dir='ltr'><strong><em>παρα-</em></strong></span> 
     </span>
     <span class='ocr_line' id='line_1_6' title="bbox 108 977 1139 1074; baseline 0.008 -29"><span class='ocrx_word' id='word_1_33' title='bbox 108 977 383 1067; x_wconf 77' lang='grc' dir='ltr'><strong><em>πληρωματικὰς,</em></strong></span> <span class='ocrx_word' id='word_1_34' title='bbox 414 998 549 1068; x_wconf 85' lang='lat' dir='ltr'>vocant,</span> <span class='ocrx_word' id='word_1_35' title='bbox 580 1006 646 1051; x_wconf 90' lang='lat' dir='ltr'>uon</span> <span class='ocrx_word' id='word_1_36' title='bbox 670 1008 741 1052; x_wconf 84' lang='lat' dir='ltr'>esse</span> <span class='ocrx_word' id='word_1_37' title='bbox 765 1009 867 1053; x_wconf 88' lang='lat' dir='ltr'>uuum</span> <span class='ocrx_word' id='word_1_38' title='bbox 894 987 1051 1073; x_wconf 81' lang='lat' dir='ltr'>quoddam</span> <span class='ocrx_word' id='word_1_39' title='bbox 1082 1011 1139 1074; x_wconf 79' lang='lat' dir='ltr'>ge-</span> 
     </span>
     <span class='ocr_line' id='line_1_7' title="bbox 107 1101 1135 1188; baseline 0.003 -21"><span class='ocrx_word' id='word_1_40' title='bbox 107 1125 188 1188; x_wconf 88' lang='lat' dir='ltr'>nus,</span> <span class='ocrx_word' id='word_1_41' title='bbox 219 1103 309 1170; x_wconf 86' lang='lat' dir='ltr'>euius</span> <span class='ocrx_word' id='word_1_42' title='bbox 337 1109 432 1168; x_wconf 75' lang='lat' dir='ltr'>&#39;voces</span> <span class='ocrx_word' id='word_1_43' title='bbox 460 1124 585 1188; x_wconf 81' lang='lat' dir='ltr'><strong>semper</strong></span> <span class='ocrx_word' id='word_1_44' title='bbox 611 1103 717 1167; x_wconf 84' lang='lat' dir='ltr'>solum</span> <span class='ocrx_word' id='word_1_45' title='bbox 739 1101 954 1172; x_wconf 82' lang='lat' dir='ltr'>adorationis</span> <span class='ocrx_word' id='word_1_46' title='bbox 978 1119 1135 1187; x_wconf 83' lang='lat' dir='ltr'>ornatum,</span> 
     </span>
     <span class='ocr_line' id='line_1_8' title="bbox 110 1216 1136 1308; baseline 0 -21"><span class='ocrx_word' id='word_1_47' title='bbox 110 1235 141 1287; x_wconf 87' lang='lat' dir='ltr'>et</span> <span class='ocrx_word' id='word_1_48' title='bbox 173 1221 262 1308; x_wconf 88' lang='lat' dir='ltr'>quasi</span> <span class='ocrx_word' id='word_1_49' title='bbox 292 1220 448 1288; x_wconf 86' lang='lat' dir='ltr'>rimarum</span> <span class='ocrx_word' id='word_1_50' title='bbox 475 1216 627 1286; x_wconf 84' lang='lat' dir='ltr'>orationis</span> <span class='ocrx_word' id='word_1_51' title='bbox 652 1219 891 1308; x_wconf 76' lang='lat' dir='ltr'>explementum</span> <span class='ocrx_word' id='word_1_52' title='bbox 916 1219 1136 1305; x_wconf 77' lang='lat' dir='ltr'>adhibeantur,</span> 
     </span>
     <span class='ocr_line' id='line_1_9' title="bbox 111 1335 1139 1422; baseline 0 -18"><span class='ocrx_word' id='word_1_53' title='bbox 111 1337 166 1404; x_wconf 84' lang='lat' dir='ltr'>aed</span> <span class='ocrx_word' id='word_1_54' title='bbox 197 1338 335 1405; x_wconf 89' lang='lat' dir='ltr'>aliorum</span> <span class='ocrx_word' id='word_1_55' title='bbox 363 1338 432 1403; x_wconf 88' lang='lat' dir='ltr'>fere</span> <span class='ocrx_word' id='word_1_56' title='bbox 462 1335 607 1403; x_wconf 88' lang='lat' dir='ltr'>omnium</span> <span class='ocrx_word' id='word_1_57' title='bbox 638 1359 793 1422; x_wconf 84' lang='lat' dir='ltr'>generum</span> <span class='ocrx_word' id='word_1_58' title='bbox 817 1336 980 1404; x_wconf 82' lang='lat' dir='ltr'>nonnullis</span> <span class='ocrx_word' id='word_1_59' title='bbox 1006 1338 1139 1404; x_wconf 84' lang='lat' dir='ltr'>vocibus</span> 
     </span>
     <span class='ocr_line' id='line_1_10' title="bbox 111 1451 1138 1548; baseline 0.001 -28"><span class='ocrx_word' id='word_1_60' title='bbox 111 1454 254 1522; x_wconf 87' lang='lat' dir='ltr'>accidere</span> <span class='ocrx_word' id='word_1_61' title='bbox 261 1501 273 1541; x_wconf 89' lang='lat'>,</span> <span class='ocrx_word' id='word_1_62' title='bbox 303 1470 339 1522; x_wconf 87' lang='lat' dir='ltr'>ut</span> <span class='ocrx_word' id='word_1_63' title='bbox 365 1452 536 1548; x_wconf 84' lang='lat' dir='ltr'>aliquando</span> <span class='ocrx_word' id='word_1_64' title='bbox 561 1451 644 1520; x_wconf 85' lang='lat' dir='ltr'>nihil</span> <span class='ocrx_word' id='word_1_65' title='bbox 663 1452 698 1520; x_wconf 87' lang='lat' dir='ltr'>iu</span> <span class='ocrx_word' id='word_1_66' title='bbox 719 1454 930 1523; x_wconf 85' lang='lat' dir='ltr'>locutionibus</span> <span class='ocrx_word' id='word_1_67' title='bbox 950 1453 1138 1541; x_wconf 83' lang='lat' dir='ltr'>significent,</span> 
     </span>
     <span class='ocr_line' id='line_1_11' title="bbox 113 1570 1139 1661; baseline 0 -23"><span class='ocrx_word' id='word_1_68' title='bbox 113 1573 244 1640; x_wconf 84' lang='lat' dir='ltr'>sedvel</span> <span class='ocrx_word' id='word_1_69' title='bbox 266 1586 415 1657; x_wconf 86' lang='lat' dir='ltr'>ornatus,</span> <span class='ocrx_word' id='word_1_70' title='bbox 436 1572 492 1639; x_wconf 85' lang='lat' dir='ltr'>vel</span> <span class='ocrx_word' id='word_1_71' title='bbox 512 1570 607 1638; x_wconf 84' lang='lat' dir='ltr'>metri</span> <span class='ocrx_word' id='word_1_72' title='bbox 627 1571 748 1657; x_wconf 82' lang='lat' dir='ltr'>gratia,</span> <span class='ocrx_word' id='word_1_73' title='bbox 775 1573 960 1661; x_wconf 85' lang='lat' dir='ltr'>praesertim</span> <span class='ocrx_word' id='word_1_74' title='bbox 980 1594 999 1636; x_wconf 98' lang='lat' dir='ltr'>a</span> <span class='ocrx_word' id='word_1_75' title='bbox 1019 1571 1139 1655; x_wconf 72' lang='lat' dir='ltr'>Politia,</span> 
     </span>
     <span class='ocr_line' id='line_1_12' title="bbox 113 1669 1141 1784; baseline -0.001 -29"><span class='ocrx_word' id='word_1_76' title='bbox 113 1705 316 1782; x_wconf 83' lang='lat' dir='ltr'>usurpentur.</span> <span class='ocrx_word' id='word_1_77' title='bbox 357 1669 479 1756; x_wconf 82' lang='lat' dir='ltr'>Earum</span> <span class='ocrx_word' id='word_1_78' title='bbox 499 1684 594 1755; x_wconf 87' lang='lat' dir='ltr'>etiam</span> <span class='ocrx_word' id='word_1_79' title='bbox 608 1711 743 1784; x_wconf 80' lang='lat' dir='ltr'>vocum,</span> <span class='ocrx_word' id='word_1_80' title='bbox 762 1711 842 1774; x_wconf 86' lang='lat' dir='ltr'>quae</span> <span class='ocrx_word' id='word_1_81' title='bbox 858 1713 880 1754; x_wconf 86' lang='lat' dir='ltr'>a</span> <span class='ocrx_word' id='word_1_82' title='bbox 894 1688 1141 1781; x_wconf 74' lang='lat' dir='ltr'>propn&#39;asigui·¹</span> 
     </span>
    </p>
   </div>
   <div class='ocr_carea' id='block_1_3' title="bbox 19 1783 1263 1892">
    <p class='ocr_par' dir='ltr' id='par_1_3' title="bbox 19 1783 1263 1892">
     <span class='ocr_line' id='line_1_13' title="bbox 19 1783 1263 1892; baseline -0.005 -18"><span class='ocrx_word' id='word_1_83' title='bbox 19 1869 21 1874; x_wconf 90' lang='lat'><em>.</em></span> <span class='ocrx_word' id='word_1_84' title='bbox 111 1807 259 1875; x_wconf 77' lang='lat' dir='ltr'>dotatione</span> <span class='ocrx_word' id='word_1_85' title='bbox 283 1809 501 1890; x_wconf 83' lang='lat' dir='ltr'>deflectentes,</span> <span class='ocrx_word' id='word_1_86' title='bbox 523 1804 660 1872; x_wconf 81' lang='lat' dir='ltr'>alienam</span> <span class='ocrx_word' id='word_1_87' title='bbox 681 1828 701 1870; x_wconf 92' lang='lat' dir='ltr'>a</span> <span class='ocrx_word' id='word_1_88' title='bbox 721 1828 779 1873; x_wconf 89' lang='lat' dir='ltr'>suo</span> <span class='ocrx_word' id='word_1_89' title='bbox 798 1828 914 1892; x_wconf 83' lang='lat' dir='ltr'>genere</span> <span class='ocrx_word' id='word_1_90' title='bbox 937 1804 1006 1875; x_wconf 79' lang='lat' dir='ltr'>vim</span> <span class='ocrx_word' id='word_1_91' title='bbox 1023 1783 1141 1871; x_wconf 83' lang='lat' dir='ltr'>habere</span> <span class='ocrx_word' id='word_1_92' title='bbox 1253 1855 1263 1868; x_wconf 83' lang='lat'><strong>.</strong></span> 
     </span>
    </p>
   </div>
   <div class='ocr_carea' id='block_1_4' title="bbox 109 1907 1167 2463">
    <p class='ocr_par' dir='ltr' id='par_1_4' title="bbox 109 1907 1167 2463">
     <span class='ocr_line' id='line_1_14' title="bbox 111 1907 1153 2013; baseline -0.003 -21"><span class='ocrx_word' id='word_1_93' title='bbox 111 1923 281 2011; x_wconf 80' lang='lat' dir='ltr'>videntur,</span> <span class='ocrx_word' id='word_1_94' title='bbox 313 1907 588 1992; x_wconf 85' lang='lat' dir='ltr'>nonnullaeiuter</span> <span class='ocrx_word' id='word_1_95' title='bbox 608 1923 963 2013; x_wconf 81' lang='grc' dir='ltr'><strong><em>παραπληρωματικᾶς</em></strong></span> <span class='ocrx_word' id='word_1_96' title='bbox 981 1911 1153 1990; x_wconf 58' lang='grc' dir='ltr'>00110031ιὲΙ</span> 
     </span>
     <span class='ocr_line' id='line_1_15' title="bbox 110 2033 1140 2127; baseline -0.001 -19"><span class='ocrx_word' id='word_1_97' title='bbox 110 2056 167 2108; x_wconf 85' lang='lat' dir='ltr'>tur</span> <span class='ocrx_word' id='word_1_98' title='bbox 194 2066 214 2109; x_wconf 86' lang='lat' dir='ltr'>a</span> <span class='ocrx_word' id='word_1_99' title='bbox 240 2041 479 2127; x_wconf 75' lang='lat' dir='ltr'>Grammaticis,</span> <span class='ocrx_word' id='word_1_100' title='bbox 506 2056 543 2107; x_wconf 88' lang='lat' dir='ltr'>ut</span> <span class='ocrx_word' id='word_1_101' title='bbox 566 2039 649 2119; x_wconf 77' lang='lat' dir='ltr'>noi,</span> <span class='ocrx_word' id='word_1_102' title='bbox 678 2055 710 2106; x_wconf 88' lang='lat' dir='ltr'>et</span> <span class='ocrx_word' id='word_1_103' title='bbox 729 2041 829 2120; x_wconf 74' lang='grc' dir='ltr'><strong><em>ποτὲ,</em></strong></span> <span class='ocrx_word' id='word_1_104' title='bbox 852 2057 883 2108; x_wconf 86' lang='lat' dir='ltr'>et</span> <span class='ocrx_word' id='word_1_105' title='bbox 905 2033 978 2122; x_wconf 78' lang='lat' dir='ltr'>odo,</span> <span class='ocrx_word' id='word_1_106' title='bbox 999 2064 1073 2107; x_wconf 88' lang='lat' dir='ltr'>oum</span> <span class='ocrx_word' id='word_1_107' title='bbox 1092 2055 1140 2107; x_wconf 84' lang='lat' dir='ltr'>ta·</span> 
     </span>
     <span class='ocr_line' id='line_1_16' title="bbox 109 2153 1141 2250; baseline -0.003 -24"><span class='ocrx_word' id='word_1_108' title='bbox 109 2183 188 2227; x_wconf 88' lang='lat' dir='ltr'>meu</span> <span class='ocrx_word' id='word_1_109' title='bbox 215 2161 378 2250; x_wconf 78' lang='lat' dir='ltr'>propriam</span> <span class='ocrx_word' id='word_1_110' title='bbox 402 2159 470 2228; x_wconf 83' lang='lat' dir='ltr'>vim</span> <span class='ocrx_word' id='word_1_111' title='bbox 498 2153 770 2248; x_wconf 78' lang='grc' dir='ltr'><strong><em>ἇρριστολογικὴν</em></strong></span> <span class='ocrx_word' id='word_1_112' title='bbox 796 2173 827 2226; x_wconf 87' lang='lat' dir='ltr'>et</span> <span class='ocrx_word' id='word_1_113' title='bbox 849 2156 1063 2249; x_wconf 77' lang='grc' dir='ltr'><strong><em>στοχαστικὴν</em></strong></span> <span class='ocrx_word' id='word_1_114' title='bbox 1082 2158 1141 2224; x_wconf 80' lang='lat' dir='ltr'>lra-</span> 
     </span>
     <span class='ocr_line' id='line_1_17' title="bbox 110 2276 1167 2368; baseline 0.001 -25"><span class='ocrx_word' id='word_1_115' title='bbox 110 2279 224 2363; x_wconf 81' lang='lat' dir='ltr'>beant,</span> <span class='ocrx_word' id='word_1_116' title='bbox 256 2295 297 2346; x_wconf 78' lang='lat' dir='ltr'>ut&#39;</span> <span class='ocrx_word' id='word_1_117' title='bbox 318 2279 353 2350; x_wconf 91' lang='lat' dir='ltr'>iu</span> <span class='ocrx_word' id='word_1_118' title='bbox 384 2277 453 2368; x_wconf 83' lang='lat' dir='ltr'>ipsa</span> <span class='ocrx_word' id='word_1_119' title='bbox 480 2276 679 2364; x_wconf 80' lang='lat' dir='ltr'>singularum</span> <span class='ocrx_word' id='word_1_120' title='bbox 705 2277 932 2365; x_wconf 78' lang='lat' dir='ltr'>particularum</span> <span class='ocrx_word' id='word_1_121' title='bbox 957 2277 1140 2347; x_wconf 84' lang='lat' dir='ltr'>tractatione</span> <span class='ocrx_word' id='word_1_122' title='bbox 1166 2304 1167 2307; x_wconf 43' lang='lat'>¹</span> 
     </span>
     <span class='ocr_line' id='line_1_18' title="bbox 113 2393 245 2463; baseline 0.023 -3"><span class='ocrx_word' id='word_1_123' title='bbox 113 2393 245 2463; x_wconf 84' lang='lat' dir='ltr'>dicetur.</span> 
     </span>
    </p>
   </div>
   <div class='ocr_carea' id='block_1_5' title="bbox 0 0 1419 4634">
    <p class='ocr_par' dir='ltr' id='par_1_5' title="bbox 0 0 1419 4634">
     <span class='ocr_line' id='line_1_19' title="bbox 0 0 1419 4634; baseline 0 0"><span class='ocrx_word' id='word_1_124' title='bbox 0 0 1419 4634; x_wconf 95' lang='lat' dir='ltr'> </span> 
     </span>
    </p>
   </div>
  </div>
 </body>
</html>
