2825 4634
362 1441 981 1573 Praefatio·

534 1811 739 1827 ο--ι-

125 2069 340 2201 Matthaci
368 2115 524 2193 Devarii
552 2115 695 2190 librum
726 2117 774 2191 do
805 2118 995 2216 particulis
1027 2119 1150 2198 Grae·

126 2271 191 2324 cae
214 2248 361 2348 linguae
386 2269 473 2320 oum
498 2250 536 2318 et
561 2243 643 2342 ipse
664 2241 753 2318 inde
771 2269 794 2320 a
816 2262 936 2344 puero
954 2247 1149 2350 diligenter

125 2366 391 2442 consuluissem
431 2370 469 2437 et
509 2362 557 2437 ab
590 2359 671 2436 aliis
699 2365 956 2464 cognovissem
987 2367 1150 2443 eundem

128 2485 256 2561 sedulo
293 2481 487 2585 tnurpari,
526 2481 757 2580 exemplaria
788 2490 915 2557 autem
947 2484 1028 2560 eius
1059 2483 1150 2560 libri

127 2605 275 2705 vulgata
303 2625 428 2701 neque
466 2599 552 2676 satis
575 2600 771 2676 emendata
793 2624 917 2700 neque
938 2603 991 2678 ita
1010 2604 1152 2679 instru-

128 2731 207 2816 cta,
251 2744 366 2818 quem
408 2719 457 2794 ad
489 2717 647 2794 modum
682 2742 728 2794 ea
763 2719 852 2814 lux,
893 2746 991 2819 quae
1021 2732 1150 2800 nostro

111 2830 296 2939 ¹tempore
317 2840 377 2913 his
397 2837 531 2912 litteris
557 2835 726 2931 adfulsit,
745 2838 967 2936 postularet,
988 2841 1152 2916 circum-

119 2959 222 3034 'ferri
241 2957 526 3049 intellexissem,
552 2956 869 3053 operaepretium
885 2981 949 3031 me
963 2957 1151 3036 facturum

128 3075 366 3169 existimavi,
407 3074 441 3148 si
457 3079 509 3181 (et
537 3071 704 3146 Devarii
721 3072 863 3146 librum
892 3100 968 3172 qua
997 3100 1152 3175 possem

130 3195 318 3295 diligentia
351 3211 670 3302 ‘recognoscerem
710 3195 749 3262 et
784 3214 882 3288 quae
922 3193 963 3267 in
1003 3217 1049 3270 eo
1089 3205 1154 3272 aut

131 3314 270 3389 omissa
292 3313 402 3410 plane
422 3316 486 3386 aut
509 3333 580 3407 pro
604 3315 819 3407 temporum
845 3308 997 3388 illorum
1008 3315 1154 3392 ratione

129 3459 207 3507 non
232 3430 318 3505 satis
341 3439 444 3505 recte
467 3427 603 3503 tradita
627 3434 768 3522 essent,
802 3429 865 3505 vel
888 3431 1068 3507 adderem
1091 3434 1154 3510 vel

131 3550 373 3650 corrigerem.
431 3548 529 3622 Cum
559 3553 685 3622 autem
717 3546 895 3622 viderem
925 3549 1014 3623 satis
1046 3574 1158 3625 oom-·

131 3665 285 3743 modam
307 3663 397 3740 libri
420 3662 584 3739 formam
607 3691 684 3741 non
708 3663 812 3758 fore,
838 3664 871 3738 si
895 3666 1155 3744 commentarii

132 3787 209 3862 mei
222 3787 270 3862 ad
282 3781 567 3882 ipsumDevarii
580 3783 800 3882 opusculum
810 3782 1071 3881 adficerentur,
1080 3787 1155 3863 hoo

131 3904 228 3980 mihi
252 3911 308 3978 est
327 3903 452 3980 visum
474 3899 603 4000 priore
626 3900 818 3977 volumine
838 3901 993 3978 Devarii
1013 3905 1155 3979 librtnn

134 4030 305 4098 acornate
341 4019 574 4114 describere,
615 4019 768 4094 resectis
798 4028 924 4095 tamen
956 4020 1023 4114 iis,
1058 4045 1156 4119 quae

135 4139 528 4221 1.G.Re1nmonnus
566 4140 667 4215 bono
706 4137 770 4227 ille
802 4138 957 4238 quidem
987 4139 1153 4235 consilio,

880 4258 947 4321 Ae
