2825 4634
584 282 658 356 δν.
1108 299 1152 365 35

99 469 218 522 etramo
240 455 373 522 daban
392 453 592 524 ademarius
597 502 610 534 ,
631 457 689 523 sed
706 457 835 537 ιιιιιιίιι,
848 481 1050 546 quaeeunque
1058 463 1150 548 prior

99 541 245 608 dixisset
253 585 267 618 ,
288 541 457 604 memoriae
476 542 653 607 mandaret.
1111 575 1114 578 >

191 624 325 709 Irtfiniti
352 647 469 710 qttoqns
495 627 573 686 morli
602 629 724 688 vocibus
744 629 901 696 nonnullas
922 631 1076 707 qualitates
1098 634 1148 692 tri·
1199 659 1202 664 ·

101 709 167 770 buit
187 709 263 769 haec
285 711 440 787 particulo,
468 731 522 786 per
544 733 632 788 quatu
655 725 716 772 tuns
736 712 928 790 voluntatis,
958 723 1019 774 auu
1038 725 1147 796 potes·

101 792 193 856 tials's
215 793 326 857 modas
345 795 479 854 refertur.
530 794 714 858 Voluntatis
734 798 902 872 exemplum
923 807 968 858 est
987 800 1071 873 apud>
1084 798 1147 860 Dee

100 877 308 952 mosthenem,
344 873 378 942 ir
411 877 460 960 τῷ
492 869 573 962 περὶ
607 879 667 942 τοῦ
704 872 881 964 στεφάνου.
922 885 963 956 [ς.
999 887 1069 942 107.
1100 883 1146 943 ed.

100 959 207 1021 Bekk.
228 983 259 1038 p.
281 968 354 1022 262.
374 960 421 1020 ed.
443 959 560 1034 Rosa]
589 949 656 1048 ἆρά
685 983 722 1040 με
747 959 853 1048 μικρά
876 965 1051 1067 βοηθῆσαι
1076 967 1149 1042 τοῖς
1170 1014 1176 1022 .

101 1041 246 1128 πένησιν
273 1037 365 1131 ἡμῶν
387 1039 492 1116 δοκῶ,
515 1034 535 1130 ἢ
556 1039 661 1130 μικρὰ
680 1036 853 1110 ἀναλῶσαι
873 1040 915 1114 ab
940 1046 1000 1111 τοῦ
1028 1044 1076 1133 μὴ
1102 1067 1147 1112 ια

102 1123 223 1192 δίκαια
249 1128 361 1192 ποιεῖν
386 1122 517 1192 ἐθέλειν
544 1121 578 1190 oi
594 1122 785 1205 ,πλούσιοις
808 1138 854 1190 est
874 1133 954 1192 cuim
974 1121 1148 1196 ἀναλῶσαι

102 1203 164 1283 iiv,
194 1233 263 1288 pro,
290 1210 423 1272 voluisse
449 1210 641 1293 impendere.
686 1211 884 1288 Frequentius
903 1223 1058 1274 occurrunt
1079 1215 1148 1278 Po·

102 1293 247 1360 tantiolia
267 1296 419 1370 exemplat
450 1293 537 1370 quala
559 1305 604 1356 est
625 1295 697 1354 illud
714 1295 835 1356 lauerat.
858 1292 961 1361 ἐντῶ
982 1294 1064 1380 περὶ
1088 1299 1148 1384 της
1205 1348 1209 1355 .

102 1368 316 1453 ἀντιδόσεως.
340 1382 380 1450 [ᾗ.
392 1382 444 1437 42.
469 1377 515 1439 ed.
536 1377 636 1438 Bskk.
656 1400 686 1454 p.
699 1385 771 1439 318.
793 1380 840 1440 εδ.
861 1379 903 1442 Η.
926 1357 1043 1456 itepht
1065 1377 1149 1459 ἐκεί.

100 1481 168 1548 νως
189 1453 277 1540 ὑμᾶς
298 1453 444 1548 ἡγοῦμαι
464 1453 587 1538 τάχιστ’
610 1454 653 1530 ib
675 1452 843 1546 ἀφεῖσθαι
862 1464 923 1550 τῆς
944 1460 1044 1547 δόξης
1068 1457 1148 1528 ταύ-

101 1563 178 1626 της,
208 1543 341 1607 liberari
364 1565 464 1626 posse.
504 1543 542 1605 In
569 1545 621 1604 illo
649 1566 721 1605 vera
748 1544 903 1607 Demostb.
932 1543 966 1611 ἐν
992 1549 1041 1609 τῶ
1065 1543 1149 1628 περί

78 1703 82 1710 ,
101 1629 163 1702 σ”ς
180 1621 460 1714 παραπρεσβείας
480 1632 521 1700 [ξ.
541 1635 612 1688 313.
634 1627 790 1688 εδΒελιΙι.
811 1653 841 1705 p.
856 1635 930 1690 441.
947 1630 995 1691 ed.
1011 1605 1145 1702 iteukan

102 1651 197 1773 ἀλλὰ.
219 1704 330 1776 πάνια
357 1703 454 1774 τοῦδ’
484 1703 552 1775 ὑπὸ
579 1711 644 1802 τῶν
671 1708 852 1798 βαρβάρων
881 1704 923 1776 δν
954 1705 1147 1786 ἑαλωκέναι,

101 1796 244 1872 particula
278 1785 318 1858 ib
349 1813 411 1854 nou
442 1795 630 1869 potentialem
660 1795 779 1855 modum
816 1794 932 1871 afficit,⁴
952 1816 1019 1855 cunr
1045 1797 1082 1856 δε
1110 1818 1144 1859 ιε
1212 1838 1215 1844 -
1271 1838 1279 1855 .

101 1879 258 1954 praeterita
279 1887 309 1938 et
331 1888 408 1938 certa
428 1881 466 1940 sit
489 1898 601 1955 serm03
634 1879 688 1940 sed
709 1888 790 1938 actus
810 1886 921 1938 tantum
940 1899 995 1954 per
1016 1870 1057 1942 δν
1074 1901 1144 1958 par·
1258 1876 1262 1885 ’

102 1964 219 2048 ticnlaur
245 1963 370 2040 tollitur,
398 1972 427 2022 et
453 1964 555 2022 tacitae
584 1963 634 2024 vel
661 1983 821 2042 expressae
843 1963 1001 2024 conditioni
1023 1964 1145 2027 verbum

102 2048 264 2112 subiicitur·
755 2077 759 2086 “
837 2088 840 2091 ·

186 2129 369 2207 Exprimitnr'
396 2129 484 2190 etiam
510 2129 677 2205 potentialis
704 2138 734 2189 et
766 2127 924 2192 voluntatis
955 2131 1058 2206 ruodus
1090 2149 1146 2207 par

100 2213 258 2278 Futurum
278 2209 442 2296 Infinitivi
460 2215 539 2272 modi
565 2204 604 2276 tir
624 2214 782 2292 particulae
805 2216 950 2291 iunctum3
966 2214 1059 2290 'idque
1079 2217 1143 2290 ple·

100 2317 224 2374 rumque
265 2296 505 2373 praecedentibus
543 2298 640 2369 verbis
680 2292 821 2378 νομίζω,
861 2294 967 2382 φημὶ,
1008 2294 1143 2376 ἐλπίζω,
1214 2301 1245 2333 ·“

100 2379 300 2466 προσδοκῶ,
332 2388 361 2440 et
393 2381 546 2441 similibus.
587 2377 706 2440 Isocrat.
737 2382 771 2439 in
801 2379 902 2442 Busir.
936 2386 978 2455 [ξ.
1009 2386 1061 2440 27.
1095 2383 1142 2442 cd.

99 2461 200 2524 Bekk.
229 2487 259 2540 p.
281 2470 354 2542 226.
382 2465 429 2524 ed.
456 2462 498 2523 Η.
525 2461 641 2540 steph]
656 2456 792 2543 ’ἐνόμιζε
834 2462 891 2552 διρ,
918 2461 997 2540 τοὺς
1018 2456 1144 2528 τούτων

100 2539 361 2633 ὀλιγωροῦντας,
387 2541 483 2627 τυχὸν
512 2539 552 2610 δν
578 2544 726 2624 καὶτῶν
752 2487 912 2626 μιιέόνων
933 2569 1044 2632 καταφ
1069 2541 1143 2637 ονη·

100 2651 188 2705 σειν,
220 2631 383 2712 negligere
410 2629 568 2713 potuisse,
607 2631 658 2690 uel
689 2628 786 2692 etiam
815 2631 1010 2711 neglecturos
1061 2631 1143 2693 acilo

91 2711 213 2798 sabae.
267 2713 437 2776 Aeschines
475 2710 556 2802 περὶ
594 2714 654 2800 τῆς
686 2708 964 2798 παραπρεσβείας
995 2717 1035 2787 [§.
1070 2721 1141 2775 108.

99 2821 130 2874 p.
161 2802 213 2857 42.
241 2798 287 2858 ed.
314 2798 356 2858 H.
384 2795 515 2873 Steph.]:
540 2795 651 2857 Futuro
671 2795 816 2858 infinitivi
839 2799 936 2857 tribuit
957 2790 997 2861 ῶν
1017 2801 1155 2873 particu-¹

59 2883 67 2902 ⁸
99 2883 158 2942 lam
190 2875 247 2968 τὴν
278 2874 371 2958 τάξιν
398 2882 458 2971 τοῦ
488 2881 623 2968 πρῶτος
652 2877 759 2964 λέγειν
785 2871 846 2943 οὖν
875 2873 914 2943 δν
942 2875 1007 2965 ἔφη
1030 2904 1143 2968 παρα,

99 2963 212 3030 λιπεῖν
239 2956 313 3028 οὐδ’
343 2961 540 3052 ἐπιτρέψειν
566 2959 644 3034 τινί,
675 2975 730 3025 etc.
772 2963 850 3024 Nam
872 2974 901 3024 et
920 2965 1054 3028 Λονίιιο
1075 2966 1147 3048 iun.

99 3052 176 3125 gitur
201 3050 306 3110 iisdem
330 3051 429 3124 verbis
458 3049 715 3124 praecedentibusa
742 3056 811 3107 tunc
839 3049 918 3106 euim
947 3049 1053 3106 aoristo
1082 3049 1143 3107 vim

91 3130 209 3215 sutori
228 3135 327 3193 tribuit
348 3134 380 3192 in
401 3153 492 3194 sensu
534 3133 681 3207 otentiali,
702 3140 735 3190 nt
754 3122 833 3190 iufr'a
853 3133 941 3207 paulo
957 3127 1141 3202 docebimus.

99 3215 151 3276 Sic
180 3216 258 3292 apul
285 3215 473 3320 Xenophane
501 3229 672 3299 απομνημ.
700 3213 741 3275 ll.
770 3221 809 3288 [c.
836 3223 864 3274 l.
903 3217 930 3288 §.
952 3219 1017 3286 27.]
1039 3211 1077 3292 ἐξ
1098 3203 1143 3303 ὧν

99 3294 242 3378 ἐλπίζω,
270 3293 379 3386 σφόδρ
419 3289 461 3362 άν
490 3319 527 3363 oa
555 3297 621 3363 τῶν
647 3292 834 3362 saisiriaci
856 3298 983 3379 σεμνῶν
1005 3293 1144 3385 ἐργάτην

99 3374 231 3464 ἀγαθὸν
252 3379 420 3466 γενέσθαι.
466 3382 522 3442 Ubi
545 3378 703 3466 γενέσθαι
725 3374 781 3456 δν,
802 3383 852 3442 rel
870 3403 962 3465 pocae
972 3381 1073 3466 fieri,
1094 3384 1143 3445 vel

96 3464 243 3548 futurum
268 3489 334 3529 essa
363 3467 518 3544 significat.
571 3465 709 3528 Debendi
737 3469 874 3543 exempla
901 3469 941 3528 in
961 3465 1082 3527 lnfiuito
1110 3471 1143 3527 iu
1170 3479 1188 3508 ⁸

97 3559 214 3630 promtu
234 3571 296 3610 non
315 3551 434 3628 habeo,'
446 3560 516 3627 puto
539 3560 634 3611 autem
654 3551 745 3611 multa
762 3552 890 3613 inveniri
907 3552 985 3627 apud
1002 3561 1143 3614 auctores.
1210 3609 1213 3612 ,

181 3633 370 3718 Partioipiis
391 3637 478 3696 etiam
496 3635 699 3718 potentialem
720 3656 842 3698 amum
862 3636 962 3694 tribuit
974 3635 1055 3696 ,haec
1075 3657 1143 3711 par·

97 3719 203 3795 tionis,
231 3728 263 3780 nt
292 3719 370 3796 εριιδ
395 3719 487 3782 Isocr.
513 3721 546 3779 in
574 3717 724 3796 Panegyr.
754 3721 797 3791 [in
825 3728 897 3778 orat.
927 3719 974 3782 ad
999 3720 1144 3802 Philipp.

15 3805 16 3810 ’
98 3807 129 3878 5.
151 3809 180 3863 9.
202 3805 250 3864 ed.
271 3801 373 3864 Baltk.
404 3825 434 3884 p.
458 3807 508 3863 84.
530 3801 577 3862 ed.
598 3801 639 3862 H.
663 3801 780 3880 steph]
813 3799 968 3890 εὕρισκον
989 3796 1145 3882 οὐδαμῶς
1181 3867 1192 3883 ,

98 3881 140 3950 δν
160 3876 270 3962 άλλως
291 3879 430 3973 ἡσυχίαν
451 3877 606 3970 iporeae,
627 3881 716 3990 πλην
737 3881 768 3950 εἰ
790 3880 900 3965 δόξειε
920 3888 996 3962 ταῖς
1013 3880 1144 3957 πόλεσι,

98 3980 131 4030 et
158 3971 282 4047 reliqua.
336 3972 396 4033 Ubi
426 3972 552 4032 fortasse
584 3989 637 4044 pro
669 3991 831 4053 cyouoar,
863 3973 969 4030 rectius
996 3972 1143 4045 legeretur

98 4041 261 4130 ῶξονσαν,
298 4057 331 4116 in
362 4057 471 4120 loturo.
513 4053 569 4116 Est
598 4056 677 4114 enim
703 4075 825 4116 sensus:
863 4053 1035 4119 Graecinus
1055 4055 1143 4123 natta
1192 4067 1218 4119 p.
1236 4058 1279 4106 ⁶¹·

98 4136 187 4202 nodo
208 4137 242 4203 ιἰι
261 4153 418 4224 merum
438 4136 599 4224 quietam
616 4159 719 4222 passe,
741 4136 805 4201 nisi
823 4148 877 4200 etc.
919 4137 998 4256 Fam
1020 4159 1084 4198 cum
1105 4140 1143 4199 sd

706 4255 714 4265 -
886 4228 904 4276 ³
