2825 4634
479 301 743 378 Praefatio.
1043 329 1125 376 xrx

97 481 321 552 Florentinum
360 481 542 551 Gentilium
579 501 648 552 tum
683 485 825 572 primm
864 484 977 572 greeae
1005 485 1127 552 editam

99 591 292 670 emendavit.
318 599 491 688 longam
510 619 591 669 esset
609 602 690 669 alias
710 618 871 691 praeterea
887 603 958 670 eius
977 603 1126 671 lucubra-

101 720 205 787 tiones.
221 733 315 806 atque
337 741 432 808 opera
452 719 609 809 persequi.
638 719 750 807 Quid?
771 718 998 809 epigrammata
1013 742 1126 806 grassa

103 859 196 924 qaam
222 837 341 920 malta,
368 859 462 923 qnam
482 838 641 924 eleganter
662 852 833 924 ornateque
855 836 1064 928 conseripsit?
1083 861 1128 905 ex
1156 913 1160 918 ⁸
1238 877 1242 888 ·

99 953 215 1040 quibus
242 955 413 1036 nonnulle,
441 952 554 1039 quibas
565 956 721 1039 famous
740 957 880 1022 Feralia
898 955 967 1021 fars
987 956 1128 1021 celebra·

97 1085 170 1154 tur,
195 1068 294 1159 'typis
322 1070 505 1137 mandanda
533 1050 785 1157 existimavi*),
822 1087 876 1158 at,
911 1088 944 1137 et
971 1061 1121 1159 quantam

99 1187 190 1254 illius
214 1188 250 1253 in
277 1202 328 1271 te,
360 1187 577 1275 familiamque
601 1205 692 1266 taam
719 1187 859 1255 stadium
885 1190 999 1272 faerit,
1033 1189 1128 1256 facile
1205 1275 1208 1281 ,

99 1303 318 1391 intelligatur,
346 1319 377 1370 et
394 1305 569 1391 samariae
594 1308 752 1377 rastas
770 1308 908 1390 nomen,
936 1305 997 1373 etsi
1016 1330 1075 1394 per
1092 1329 1128 1373 se

99 1421 176 1488 satis
194 1435 360 1506 ornatum,
382 1443 445 1510 quo
459 1421 517 1489 iste
532 1422 661 1489 libellus
677 1438 829 1507 ornatur,
851 1421 992 1491 vioisdm
1007 1439 1126 1507 nmen,
1212 1428 1225 1446 ⁹

100 1554 255 1627 qnantum
280 1553 328 1606 ast
349 1538 385 1605 in
412 1537 523 1624 nobis,
550 1540 603 1607 lais
627 1563 753 1627 qnoque
773 1540 918 1608 versibus
937 1541 1125 1608 illnstsetm.

98 1656 258 1744 Equidem
277 1655 397 1744 aliquot
416 1670 489 1723 ante
508 1657 618 1740 annis,
638 1657 698 1723 sub
723 1659 900 1742 Gregorio,
921 1655 1015 1724 Pont.
1034 1657 1128 1727 llex.

100 1772 329 1841 Tridentinum
339 1773 520 1841 Concilium
539 1771 626 1864 typis
646 1774 868 1842 exsudandum
887 1773 1008 1860 samri,
1030 1777 1127 1861 qnod,

104 1905 140 1957 ut
162 1891 260 1958 modo
286 1889 447 1978 dissum,
477 1891 654 1963 araneulns
672 1915 764 1958 meas
784 1915 897 1980 graece
917 1907 1126 1976 converterat,

102 2024 193 2078 antea
223 2023 347 2093 tamen,
378 2009 490 2076 eodem
515 2008 643 2075 iubente
668 2006 840 2093 Pantilius,
870 2007 1069 2097 recognitum
1096 2023 1128 2076 et

103 2149 174 2192 eam
193 2125 295 2194 latino
315 2124 467 2224 collatum
486 2126 654 2216 exemplo,
681 2141 790 2192 tuma
813 2128 978 2196 odorae
998 2130 1127 2208 Sirleto,

102 2240 287 2327 Cardinali,
318 2257 430 2310 nostra
458 2257 559 2310 aetate
588 2243 755 2330 religionis
784 2245 831 2310 ao'
850 2243 1011 2311 doetrinae
1033 2245 1127 2312 landa

101 2359 292 2450 praestanti,
319 2361 389 2430 tum
414 2383 434 2426 a
461 2363 575 2429 Fulvio
605 2363 741 2441 Ursino,
755 2360 916 2428 familiari
937 2375 1010 2445 mo,
1032 2384 1126 2449 quem

102 2479 199 2567 paulo
236 2493 309 2545 ante
345 2475 482 2554 ¹lsonoris
517 2501 612 2545 cansa
646 2476 902 2562 nominavimus,
942 2477 1015 2546 viro
1051 2503 1128 2546 sam
1239 2525 1246 2530 ,
1336 2534 1342 2550 ,

103 2594 272 2682 splendore
290 2594 433 2682 generis,
464 2610 533 2661 tum
553 2593 731 2680 eruditione
750 2618 790 2661 ae
807 2595 978 2664 latinarum
998 2618 1129 2683 grassa·
1213 2590 1222 2599 ’

102 2735 238 2798 rumque
260 2711 431 2780 literarum
447 2710 628 2800 cognitione
653 2713 833 2801 praeclaro3
862 2713 891 2780 is
918 2713 963 2780 ita
981 2737 1077 2782 snam-
1092 2713 1128 2780 in
1213 2802 1218 2807 ¹

102 2847 142 2894 ea
170 2851 366 2919 monerem
391 2830 522 2898 navarit
550 2829 730 2917 egregiam,
758 2846 813 2925 at,
833 2845 865 2898 et
883 2832 968 2918 quod
986 2831 1128 2900 amicitia

104 2946 156 3013 illi
181 2969 307 3014 summa
334 2971 408 3016 suaa
434 2949 591 3017 avunculo
617 2971 690 3014 meo
716 2947 950 3034 intercesserat,
981 2965 1014 3015 et
1044 2949 1128 3036 qaod

45 3105 52 3120 ·
104 3065 200 3158 ambo
228 3063 325 3132 simul
350 3063 606 3142 oonianotissime
624 3063 794 3148 vixerant,
813 3074 881 3131 aon
899 3065 1054 3131 maiorem
1072 3064 1131 3131 ad·

104 3180 218 3248 hibere
254 3181 469 3268 diligentiam,
505 3181 535 3248 si
563 3180 705 3266 viveret,
737 3181 861 3249 Auctor
888 3179 957 3270 ipse
984 3163 1130 3272 potuerit

105 3298 287 3384 Reliquum
318 3314 380 3383 est,
416 3313 452 3365 ut
481 3313 512 3366 et
543 3299 778 3384 catechismus,
820 3313 852 3366 et
880 3288 946 3366 alia
976 3301 1132 3367 nonnulla
1210 3392 1212 3399 y

107 3413 263 3482 avunculi
294 3415 445 3504 opuscula
476 3418 709 3503 describantur,
740 3432 772 3484 et
798 3415 886 3486 viris
913 3415 1012 3486 dootis
1039 3440 1132 3485 reoo·

108 3531 295 3615 gnoaosada.
316 3532 496 3601 tradsatars
527 3537 610 3623 qaod
634 3536 702 3626 ipse
722 3535 863 3604 eiusdem
882 3537 990 3604 Fulvii
1011 3535 1132 3617 Ursini,

108 3649 307 3737 aliorumque
335 3645 412 3738 ops,
442 3651 511 3720 Deo
533 3653 613 3720 bene
633 3651 780 3737 iuvante,
801 3654 962 3741 praestare
982 3653 1132 3720 conabor.
1195 3652 1198 3658 ’
1257 3694 1262 3707 ·

108 3766 202 3852 Quae
230 3764 344 3834 deinde
371 3782 426 3834 tao
454 3767 557 3834 dicata
575 3768 705 3844 ¹nomini
731 3772 866 3839 libenter
885 3768 988 3838 mnam
1008 3769 1043 3838 in
1063 3793 1133 3837 ma·

177 4036 208 4103 ¹')
224 4041 257 4090 In
280 4041 328 4090 trae
350 4027 452 4105 qaoque
476 4037 588 4092 editions
610 4054 640 4091 sa
657 4037 844 4106 epigrammata,
861 4058 894 4096 as
911 4043 973 4109 qaia
988 4043 1079 4093 desua
1096 4038 1134 4090 vl·

115 4125 230 4188 amar,
248 4125 392 4184 maneat·
409 4127 557 4192 nauriunt.
591 4126 625 4204 R,
644 4128 676 4200 1(τ

865 4224 937 4293 B2
