2825 4634
437 274 520 367 iiyc,
549 282 666 372 φέρε,
691 278 770 349 ἴθι.
1056 284 1144 370 213ὁ

79 454 283 513 efficacitatom
300 454 437 511 tribuant.
488 450 593 529 Neque
614 463 712 512 tamen
731 456 871 529 cuiusque
891 455 972 512 verbi
993 456 1118 529 impera·

79 542 155 599 tivae
182 556 276 597 voces
300 535 456 597 transeunt
482 538 515 595 in
544 538 695 612 adverbia,
727 540 782 597 sed
801 540 957 614 propositis
978 538 1119 598 duntaxat

77 624 200 682 vocibus
224 622 323 680 datum
345 631 406 696 est,
428 635 460 679 ut
480 622 545 679 aliis
562 623 658 680 verbis
677 621 863 697 adhaereant,
880 633 909 681 et
925 642 980 697 per
995 643 1029 682 se
1046 643 1119 681 con·

78 707 270 766 structionem
288 727 348 764 non
370 712 481 781 regant.
519 702 595 763 Nam
615 704 672 763 hae
694 727 824 782 quoque,
845 727 908 766 cum
928 708 1018 766 verba
1038 714 1117 780 sunt,

77 791 324 850 constructionem
343 798 458 865 regunt,
480 795 509 845 et
528 790 649 846 verbum
670 790 748 847 aliud
768 812 828 849 non
849 790 1016 865 admittunt3
1037 799 1069 848 ut
1088 791 1118 850 si

76 874 227 932 dicamus:
255 864 312 954 r’iyc
341 867 531 935 τὸν-ἵππον
557 865 690 945 οἴκαδε,
717 868 800 956 φέρε
820 870 858 936 τὸ
880 875 1116 958 γραμματεῖον,

76 950 132 1019 'tiit
159 951 289 1034 ταχέως
315 948 460 1041 δραμών.
503 950 587 1013 'l'unc
610 958 688 1014 euim
716 959 780 1031 ipsa
800 959 971 1032 principalia
991 967 1059 1016 siant
1081 958 1115 1015 in

77 1042 310 1115 constructione,
341 1060 396 1098 nec
417 1038 495 1097 uliud
515 1042 634 1098 verbum
655 1040 820 1099 admittunt:
844 1044 950 1116 quippe
971 1062 1035 1098 cum
1054 1060 1116 1099 una

76 1126 169 1182 oratio
202 1144 220 1182 u
248 1124 360 1182 duobus
387 1124 435 1180 vel
464 1120 593 1196 pluribus
626 1125 740 1198 verbis,
762 1133 904 1198 qnatenus
925 1126 1014 1183 verba
1035 1134 1115 1198 suot,

75 1230 137 1267 non
169 1218 307 1283 regatur,
341 1208 401 1266 uisi
419 1206 510 1280 plura
539 1208 590 1265 illa
616 1209 705 1269 verba
734 1218 783 1267 aut
808 1230 862 1283 per
891 1210 1037 1283 copulam,
1064 1218 1116 1268 aut

77 1286 163 1353 κατὰ
189 1288 228 1353 τὸ
254 1282 430 1353 ἀσύνδετον
450 1292 482 1347 in
503 1312 592 1349 ιιιιιιιιι
612 1290 788 1367 redigantur.
832 1289 904 1350 Cum
923 1296 1020 1367 itaque
1042 1293 1113 1351 alio·
1142 1339 1148 1348 .

77 1396 142 1433 rum
169 1376 327 1433 verborum
348 1373 495 1449 quodlibet
515 1378 546 1432 in
568 1376 614 1433 sui
633 1374 800 1449 Imperativi
822 1378 900 1435 modi
921 1378 1039 1437 vocibus
1060 1396 1115 1451 per

75 1478 108 1521 se
131 1461 232 1533 ipsum
254 1459 494 1535 constructionem
514 1468 611 1532 regat,
638 1480 699 1517 non
721 1467 815 1534 potest
838 1460 916 1518 aliud
936 1461 1057 1519 verbum
1080 1462 1112 1518 in

77 1544 303 1603 constructionis
330 1544 496 1600 sociotatem
524 1542 681 1601 admittere.
722 1541 883 1617 Propositis
908 1564 979 1602 vcro
1001 1544 1113 1619 accidit,

76 1636 108 1684 ut
137 1628 253 1689 verbali
284 1626 495 1703 significatione
529 1626 676 1701 deposita,
717 1628 838 1705 aliorum
868 1628 1022 1686 verborum
1052 1629 1114 1687 vim

77 1711 229 1771 adiuvent.
261 1708 338 1769 Nam
360 1712 386 1769 si
405 1711 438 1767 iu
459 1710 509 1767 illo
526 1708 660 1785 Homeri,
682 1700 750 1773 ἀλλ’
775 1700 835 1791 iiye
854 1731 914 1788 μοι
933 1704 1010 1773 τόδε
1026 1702 1112 1783 εἶπέ,
1185 1757 1192 1770 ι

75 1814 179 1853 vocem
209 1783 269 1875 r'iyc
296 1792 463 1867 subtrahas,
491 1815 591 1869 puram
616 1794 777 1869 imperandi
796 1796 936 1870 formam,
962 1816 1023 1854 uon
1042 1796 1112 1853 item

74 1875 214 1937 hortandi
241 1878 358 1937 habebit
389 1880 495 1953 oratio,
527 1877 659 1945 hortandi
681 1880 817 1953 qualitate
838 1879 972 1938 detracta.
1015 1876 1112 1958 Quam

76 1962 196 2037 quidem
217 1962 384 2038 qualitatem
403 1960 537 2019 hortandi
559 1962 711 2037 adverbia,
738 1962 900 2039 imperandi
919 1964 1038 2023 vocibus
1060 1964 1111 2021 tri·

75 2046 180 2107 bunut.
227 2044 327 2123 Quare
355 2065 415 2103 non
444 2047 553 2104 otiosae
574 2057 641 2105 siunt
662 2049 694 2105 in
716 2049 926 2106 constructione
946 2046 1112 2124 huiusmodi

74 2127 211 2187 hortandi
239 2150 292 2205 seu
317 2126 463 2187 excitandi
483 2138 579 2189 notae.
632 2129 717 2209 Quae
739 2152 835 2189 exeo
858 2133 944 2189 etiam
964 2132 1111 2191 verbalem

78 2215 224 2289 originem
247 2212 459 2288 demonstrant,
477 2214 554 2289 quod
571 2209 756 2274 numerorum
771 2216 975 2274 indicationem
993 2213 1110 2274 babent.

75 2293 152 2355 Nam
181 2299 297 2355 tametsi
326 2286 384 2378 ὅγε
410 2299 443 2356 io
459 2312 516 2357 'sira
538 2300 736 2375 singularitate
757 2322 818 2359 non
838 2300 933 2359 solum
953 2299 991 2359 ad
1010 2302 1111 2376 singu·

76 2378 166 2457 laria,
187 2382 397 2442 verumetiam
418 2381 454 2439 ad
474 2383 597 2457 pluralia
617 2385 705 2443 verba
726 2386 865 2460 refertur,
895 2392 927 2441 ut
1009 2415 1013 2420 ·

242 2505 295 2582 ἄγε
313 2508 362 2581 δὴ,
381 2508 415 2565 σὺ
433 2513 544 2585 πρῶτον
557 2509 663 2569 ,σαυτὸν
680 2508 753 2573 ὅστις
769 2506 807 2581 εἷ,
826 2508 946 2587 φράσον,

76 2634 153 2709 apud
183 2630 340 2709 Aristoph.
371 2636 404 2691 in
434 2631 520 2692 Pluto
551 2639 592 2705 [v.
614 2634 694 2705 564:
727 2641 758 2693 et
788 2625 857 2695 ἅλ’
893 2623 952 2717 ἷίγε
977 2628 1112 2718 μίμνετε
1146 2657 1172 2708 p·
1189 2641 1251 2695 318.

77 2711 215 2794 πάντες,
235 2716 319 2777 Iliad.
337 2718 370 2798 β.
395 2723 435 2791 [v.
448 2723 531 2789 330.]
554 2727 583 2777 et
601 2706 660 2799 ὄῖγε
675 2709 866 2795 innocuae„
880 2708 1110 2799 apudXenoph.

77 2802 109 2859 in
129 2800 282 2878 Apologia
304 2807 346 2875 [§.
371 2806 449 2877 14.];
471 2812 565 2861 tamen
587 2803 618 2859 in
638 2803 744 2877 plurali
764 2804 850 2863 eliam
870 2819 993 2865 numera
1012 2808 1110 2881 plur‘a·

75 2885 151 2945 libus
178 2888 277 2946 verbis
297 2887 476 2962 adiungitur,
498 2886 575 2961 qnod
596 2889 713 2961 saepius
734 2889 838 2947 occidit
858 2884 893 2951 ἒν
913 2890 985 2965 τοῖς
1006 2885 1111 2955 ivio-

76 2960 274 3043 πονάκτοις,
313 2980 345 3028 ut
377 2991 470 3051 αγετε
501 2963 707 3048 πειθώμεθα
713 3014 723 3043 ,
766 2972 842 3047 apud
871 2971 1048 3050 Homerum,
1079 2983 1109 3034 et

77 3039 171 3132 iiyccc
209 3047 268 3115 tut
297 3048 357 3131 μὲν
384 3054 456 3126 τοῖς
485 3044 677 3133 ὑποζυγίοις
710 3050 788 3129 τοὺς
818 3051 1123 3139 ἐπιτηδειοτάτους,

77 3128 340 3213 καταλείπωμεν.
372 3133 483 3194 Mutata
505 3137 590 3195 etiam
612 3134 790 3219 imperandi
807 3141 900 3199 forma
921 3143 953 3201 in
972 3140 1108 3204 interro·

75 3228 206 3294 gentem
232 3238 293 3277 vox
321 3208 379 3299 r’iyc
406 3219 443 3277 arl
467 3221 556 3280 verba
582 3220 704 3295 pluralia
724 3224 864 3299 refertur,
887 3235 919 3283 ut
940 3227 1016 3301 apul
1036 3223 1107 3286 Plu-

77 3298 206 3359 tarchum
233 3300 385 3377 [Poplicol.
412 3323 437 3362 c.
459 3308 488 3362 6.
515 3326 544 3379 p.
566 3308 620 3377 99,
643 3306 682 3367 E.
712 3306 759 3364 ed.
778 3306 945 3380 Francos.]=
974 3298 1048 3391 ripe,
1072 3304 1108 3375 ci

55 3438 57 3443 .
78 3374 138 3444 οὐκ
160 3376 358 3467 tantopere
377 3382 465 3471 πρὸς
485 3382 543 3471 τὴν
564 3380 775 3473 καὲηγορίαν,
796 3394 871 3450 etin
886 3390 1110 3475 praecipiendi

77 3464 196 3563 formas·
210 3456 269 3547 ὅγε
288 3462 385 3545 ὅπως
406 3458 456 3544 εἷς
475 3463 575 3559 καλόν
594 3493 627 3535 τι
648 3466 886 3558 καταθήσεσθε
902 3470 960 3561 τὴν
976 3475 1105 3563 σχολὴν,

78 3568 99 3605 ι.
121 3570 149 3613 e.
169 3549 293 3631 uidete,
320 3565 355 3613 ul
382 3551 477 3615 otium
504 3554 537 3616 a'n
558 3578 594 3616 re
614 3554 761 3638 quopiam
781 3556 908 3620 bonerto
932 3560 1106 3626 collocem.

78 3627 128 3691 Ex
157 3646 347 3710 personarum
379 3638 465 3711 etiam
489 3637 662 3698 indicatione
689 3642 837 3701 verbalem
864 3641 1105 3719 significationem

78 3711 241 3778 huiusmodi
265 3738 361 3785 voces·
380 3742 450 3795 prae
474 3740 507 3781 sa
526 3720 639 3798 feurit,
661 3740 724 3782 cum
745 3745 806 3783 non
828 3728 925 3787 solum
944 3728 982 3786 ad
999 3746 1105 3787 secuu-

77 3797 146 3875 dae,
174 3822 285 3863 'verum
315 3805 402 3863 otiam
432 3805 467 3863 ad
497 3806 606 3881 primae
637 3825 780 3882 personae
812 3812 901 3869 verba
932 3811 1102 3886 dirigantur.

76 3878 162 3944 Unde
185 3882 234 3964 fit,
249 3926 252 3933 ·
267 3895 299 3948 ut
318 3908 372 3963 par
395 3886 592 3953 Subiunctioi
609 3912 697 3955 voces
721 3891 896 3955 cohortatio
905 3890 996 3975 fiat,
1016 3896 1044 3953 si
1063 3894 1101 3954 ad

76 3968 196 4038 primam
211 3972 362 4049 dirigatur
386 3990 549 4049 personam.
599 3972 682 4034 Num
703 3976 818 4051 qnando
844 3978 895 4036 vel
914 3996 1045 4038 scorsum
1059 3998 1100 4038 ,aa

76 4048 139 4121 ipsa
169 4055 311 4131 quapiam
341 4055 488 4133 hortum,
519 4065 551 4115 ut
581 4053 664 4141 φέρε
693 4050 774 4136 ἴδω,
806 4055 890 4146 φέρε
918 4054 1019 4135 εἴπω,
1049 4062 1100 4121 -vel

76 4132 159 4195 simul
172 4147 244 4199 ,com
266 4140 331 4203 alne
351 4144 480 4220 seipsum
499 4139 702 4220 immiscendo,
723 4152 755 4203 ut
775 4144 859 4231 φέρι
879 4138 985 4211 isaim
1005 4145 1114 4231 arpii--
