2825 4634
500 296 754 373 Praelatio.
1044 322 1149 372 xvir·
1227 399 1234 426 ἢ

97 466 233 569 'sempor
261 503 321 570 pro
351 503 476 550 summa
503 497 556 548 tua
576 481 729 548 facilitate
748 480 1002 568 humanitatequs
1023 497 1138 550 tracta·

107 605 168 668 tus.
193 633 199 640 ·
218 598 259 666 ln
279 609 338 666 tu's
353 598 454 686 igitur
472 600 692 667 honestissima
714 599 809 666 domo
828 613 963 666 aetatem
981 599 1137 686 reliquam

101 716 454 808 ,Denudasti-aduxit,
486 715 559 785 cuin
590 719 752 806 praeclara
781 733 890 782 secum
919 716 973 803 agi
998 732 1136 807 putaret,
1239 769 1244 774 .

108 834 209 921 quoa·
229 857 266 902 ss
294 848 326 900 at
357 832 515 922 Principis
546 833 735 925 amplissimi
766 834 978 922 patrocinium
1008 849 1136 901 nactum
1176 855 1180 864 ·

107 975 192 1034 assa,
225 965 256 1016 et
285 950 321 1018 in
348 951 626 1020 celeberrimorum
653 951 799 1019 virorum
823 974 992 1017 numerum
1010 951 1136 1035 videret
1221 1027 1226 1035 ⁴

108 1068 317 1158 adscriptum,
350 1068 410 1155 qui*
432 1068 583 1136 doctrinis
611 1083 714 1135 assent
734 1068 883 1135 omuibus
903 1069 1039 1152 exculti,
1062 1071 1135 1156 qui·

108 1189 167 1252 bus
195 1202 283 1255 tuam
310 1185 441 1252 domum
464 1209 591 1274 semper
618 1201 763 1254 ornatam
789 1173 856 1252 esse
887 1185 1033 1270 voluisti,
1055 1209 1136 1273 quas

107 1321 214 1370 taman
242 1326 297 1369 sos
323 1301 467 1370 vicissim
490 1327 557 1371 non
582 1303 689 1370 miuus
715 1317 859 1387 ornaret,
881 1326 976 1389 quam
994 1306 1035 1370 ab
1055 1303 1135 1392 ipsis

21 1445 22 1518 j
108 1434 282 1488 ornaretur.
332 1419 400 1486 Ubi
429 1420 532 1504 cuim,
561 1420 625 1487 nisi
652 1420 740 1488 domi
764 1436 853 1506 tusa,
881 1419 979 1486 Pater
1002 1421 1134 1510 amplis·

106 1539 201 1622 sime,
231 1552 267 1604 ut
289 1561 310 1602 a
327 1535 466 1614 'Pontica
492 1536 644 1625 incipiam
671 1539 839 1621 facultate,
865 1537 1009 1604 velutin
1029 1536 1134 1606 Pintlo

23 1688 27 1701 ·
105 1655 214 1742 aliquo
233 1669 358 1737 moute,
386 1656 438 1722 vel
458 1657 632 1738 Parnasso,
664 1657 855 1721 Frcnoisoao
874 1656 988 1720 Maria
1008 1658 1134 1736 Molzc,

105 1774 300 1840 Laurentius
323 1774 516 1852 Gustum,
537 1773 724 1838 Beroordas
743 1773 905 1858 Capellae,
924 1767 1043 1856 aliiqus
1061 1795 1134 1859 par·

105 1889 200 1957 multi
230 1888 358 1956 Portas·
377 1903 486 1956 nostra
518 1889 625 1954 astats'
648 1885 908 1977 praestantissimi
937 1889 1134 1955 floruerunt?

25 2009 26 2028 ¹
106 2007 176 2078 Ubi
202 2029 348 2093 unquam
370 2007 498 2094 plurcs,
528 2029 623 2092 quam
644 2005 842 2087 domituae,
864 2018 919 2069 aut
937 2003 1135 2089 eloquentiae

106 2125 220 2208 laudo,
246 2138 301 2190 aut
329 2123 503 2203 variarum·
519 2123 868 2212 pulcherrimarumque
898 2145 1006 2189 aarum
1023 2123 1136 2210 cogni·

29 2254 32 2265 '
107 2243 205 2310 tisua'
218 2241 433 2331 prasstsutas?
474 2239 529 2307 Ex
555 2240 667 2326 quibus
693 2238 723 2306 si
742 2241 911 2306 Romulum
931 2243 1157 2325 Ammonem„

106 2361 296 2428 Almonem
331 2359 465 2438 ama,
507 2359 649 2426 Gurolam
685 2358 954 2436 commodum,
988 2359 1135 2427 Fulviam

112 2478 279 2556 Essiam,
304 2473 394 2540 cuius
420 2473 540 2541 mantio
567 2473 665 2542 nobis·
688 2473 749 2539 orit
773 2472 853 2540 alias
870 2473 958 2540 iufra
977 2497 1042 2542 uon
1062 2476 1135 2542 siue

106 2591 286 2682 laudaipsi
306 2589 593 2672 satisfacienda,
617 2592 753 2661 Gnidum
771 2593 937 2676 Comitem,
958 2596 1134 2660 Antoniana
1214 2608 1219 2618 ’
1271 2656 1280 2680 ·.

107 2711 257 2791 Aelium,
291 2707 485 2798 Episcopum
515 2707 630 2774 deiude
660 2706 849 2792 Polsnscm,
890 2711 1026 2776 alterum
1055 2710 1134 2778 item

37 2810 42 2907 ¹,
107 2827 280 2896 Aconas
311 2826 440 2894 Aestus
469 2827 748 2906 massonam,
780 2826 834 2911 qu
866 2823 1029 2893 consu
1055 2827 1134 2894 sum
1217 2848 1219 2851 ·

106 2958 155 3011 est
187 2958 295 3032 postea
324 2941 501 3032 praelectus
531 2941 728 3032 Episcopus,
771 2946 922 3012 Ioannem
953 2946 1134 3032 Baptismus
1166 2973 1168 2979 ¹

44 3102 47 3123 ·
105 3062 326 3142 Possevioam,
362 3061 589 3146 Hieronymum
618 3060 860 3139 Mercurialem,
898 3076 1005 3126 nostra
1034 3074 1134 3126 aetate
1161 3089 1169 3096 '¹

106 3177 269 3246 medicum
289 3161 549 3245 celeberrimum
570 3177 600 3244 si
619 3177 673 3242 rel
692 3175 769 3259 laos,
790 3175 938 3261 iuquam,
960 3193 996 3242 ut
1015 3192 1134 3245 cataros

105 3294 359 3385 quamplurimos
385 3307 528 3379 taccam,
555 3295 699 3382 proferre
721 3293 845 3379 -vatim,
874 3317 989 3377 uemo,
1009 3309 1045 3361 ut
1064 3288 1134 3376 opi?-

48 3412 52 3455 t
105 3437 189 3498 nor,
219 3411 296 3495 erit,
310 3411 314 3420 ’
327 3411 380 3478 cni
408 3409 505 3478 fucrit
531 3412 646 3479 horum
674 3410 809 3478 eruditio
832 3412 886 3477 vel
907 3412 1135 3480 consuetudins

106 3526 264 3596 familiari
294 3542 474 3618 perspecta,
504 3529 556 3595 sol
582 3528 679 3595 stiam
708 3531 794 3595 fama
820 3527 890 3615 ipsa
917 3543 949 3595 et
974 3528 1136 3596 auditione

106 3644 253 3732 cognita,
281 3643 336 3730 qui
364 3643 521 3712 mendacii
548 3668 607 3712 uos
633 3646 734 3733 possit
758 3647 814 3712 rel
839 3645 1138 3713 temeritatis-socu-
1219 3666 1221 3673 ·

106 3787 193 3831 sara.
237 3761 347 3847 Quia?
368 3785 475 3830 nonne
494 3777 530 3826 ut
549 3785 592 3826 ax
612 3784 693 3848 aquo
704 3763 851 3831 Troiano
872 3761 1039 3831 fortissimi
1062 3760 1139 3846 viri,
1218 3794 1221 3799 ⁴

106 3880 153 3948 its
169 3893 204 3946 's
234 3879 329 3947 ‹lomo
345 3865 434 3965 ¹tuat,
471 3899 552 3965 quae
582 3899 706 3964 semper
737 3879 953 3955 doctrinarum
983 3880 1140 3972 omnium,

107 3996 207 4064 etiam
227 3994 429 4080 divinarum,
452 3975 659 4063 seminalium
681 3997 840 4082 quoddam
860 3998 937 4081 fuit,
957 4020 1023 4063 uon
1043 3995 1140 4063 motlo
1162 4049 1167 4056 .

107 4111 263 4202 Episcopi
290 4113 460 4200 permulti,
491 4115 552 4181 ltoc
579 4127 644 4196 cst,
672 4112 834 4182 Ecclesiae
861 4115 1056 4182 orthodoxas
1081 4128 1140 4203 pa·

58 4246 61 4257 ·
900 4229 929 4295 Β
