2825 4634
283 271 346 361 aaa
655 265 700 335 ιο
734 264 808 356 μὴ,
840 262 958 334 aare.

283 450 379 503 tamen
401 461 461 501 nau
483 443 535 515 ait,
557 444 589 497 ut
610 440 690 499 caius
711 446 809 515 partes
830 438 868 499 ad
888 438 1003 503 diversa
1022 436 1199 499 reseruntur.
1241 436 1322 500 Nam
1392 437 1394 472 l

284 517 323 589 ού
351 520 435 609 μὴν,
466 521 614 605 negative
638 520 843 597 adversatur,
870 513 948 585 οὐδ’
977 515 1009 585 ei
1037 530 1151 595 autem,
1178 522 1244 581 lace
1267 518 1325 584 καῖ
1392 531 1394 640 ρ

284 601 333 685 ci,
361 609 410 669 rel
438 602 496 670 κατ’
524 626 590 693 περ
611 608 744 683 panitur,
766 620 832 667 cunr
848 606 1224 683 repetiti'anenegatiauis,
1248 626 1325 681 quae

285 702 330 754 est
350 693 382 750 in
407 679 446 755 οὗ
469 681 546 772 μήν.
734 696 737 699 ’
1392 652 1394 770 l

138 830 249 958 cippis
496 904 501 913 .
600 816 1022 909 Ούμὴνᾶλλολ.

154 905 188 958 αλ
205 922 233 957 α’
375 933 423 1010 Oi)
443 934 509 1027 μὴν
531 930 633 1011 ἀλλὰ,
662 948 721 1001 tres
743 950 813 1001 sunt
831 942 1006 1018 particulae,
1034 939 1071 1000 de
1091 924 1214 1016 quibus,
1234 945 1271 998 ut
1291 937 1327 998 de

286 1031 373 1089 tunica
402 1046 491 1100 rece,
526 1023 666 1084 Budaeus
698 1026 798 1103 dccet,
836 1023 941 1107 quad,
981 1024 1122 1106 quamvis
1151 1020 1328 1103 negationis
1392 977 1394 1086 l

285 1110 419 1196 speciem
441 1130 524 1189 ¹prae
549 1129 582 1169 se
601 1103 699 1189 ferar
709 1150 722 1184 ,
751 1120 856 1169 tamen
887 1102 1102 1195 affirmationis
1129 1106 1192 1169 aim
1211 1104 1326 1168 babet:
1392 1101 1394 1164 ῗ

287 1205 317 1256 et
341 1191 486 1267 exemplis
516 1190 687 1267 quibusdam
718 1188 772 1252 has
798 1211 887 1250 vaces
910 1190 1064 1275 enimvero
1086 1198 1115 1249 et
1135 1201 1172 1253 at
1191 1210 1268 1253 υενο
1289 1189 1327 1249 si·
1392 1199 1393 1264 ζ

287 1279 428 1357 gnificare
456 1276 505 1333 ait.
547 1272 584 1333 lu
609 1274 716 1348 quibus
744 1282 773 1334 et
798 1275 941 1335 similibus
969 1268 1119 1351 omnibus,
1146 1275 1174 1333 si
1199 1262 1241 1335 οὗ
1264 1266 1328 1354 μὴν

288 1362 326 1421 ad
348 1357 551 1438 praecedentia
571 1357 732 1433 referatur,
753 1358 830 1417 clare
852 1358 1017 1433 apparebit,
1039 1378 1100 1415 uon
1120 1359 1240 1415 unicum
1261 1376 1327 1415 seu-
1392 1383 1393 1394 ι

288 1466 353 1505 sum
378 1442 483 1502 harum
508 1460 612 1501 vocum
638 1459 720 1516 esse,
746 1440 800 1519 sed
828 1431 867 1503 σύ
894 1437 961 1526 μὴν
991 1440 1028 1499 ad
1055 1440 1262 1516 praecedentia
1281 1459 1326 1499 re·

287 1528 374 1603 ferri,
388 1517 478 1589 ύιλλδι
500 1522 748 1584 diversumaliud
769 1524 905 1600 quiddam
924 1543 1044 1599 ponere,
1065 1525 1130 1582 laco
1153 1525 1227 1598 eius,
1252 1521 1329 1598 quad
1392 1537 1394 1551 '

289 1632 343 1689 per
363 1598 403 1675 οδ
424 1602 680 1693 μὴνεεαιουεύαε.
723 1606 821 1688 Quain
842 1607 1084 1683 significationem
1105 1598 1145 1669 ού
1165 1600 1249 1690 μὴν,
1275 1626 1327 1681 pre

289 1715 352 1757 nan
381 1703 509 1768 tamen,
540 1712 605 1751 cum
635 1686 775 1751 Budaeus
806 1692 893 1749 etiam
918 1692 1078 1768 intelligat,
1105 1698 1204 1749 tamen
1228 1691 1264 1747 iu
1290 1679 1327 1751 ού

288 1773 354 1862 μὴν
386 1766 470 1839 ἀλλὰ
497 1793 559 1833 nan
586 1775 726 1849 agnoscit.
747 1772 882 1834 'Harum
906 1775 1006 1850 itaque
1032 1776 1119 1833 trirun
1138 1794 1245 1836 vacum
1265 1765 1328 1855 μὴν
1392 1793 1394 1798 ·

289 1860 472 1923 adversativa
500 1860 533 1917 in
560 1857 760 1918 distributione
789 1860 1009 1918 canstrrrctionis
1037 1860 1070 1916 in
1097 1851 1155 1921 κατ’
1181 1878 1254 1931 τοι,
1281 1856 1328 1915 ael

291 1937 414 2025 salacea
435 1960 586 2018 conversa,
608 1940 785 2021 antecedens
805 1942 958 2002 locutionis
979 1939 1077 2017 efficit,
1098 1939 1176 2017 quad
1199 1941 1326 2015 plerum·

290 2045 349 2102 que
377 2025 549 2100 subticetur3
578 2031 607 2084 et
636 2024 744 2084 idcirco
763 2014 802 2107 οδ
824 2020 888 2109 μὴν
910 2014 996 2087 ἀλλὰ
1015 2024 1190 2100 praecedere
1214 2023 1327 2083 videtur

290 2112 324 2171 iu
363 2108 573 2182 locutionibus,
615 2107 746 2184 reliquae
776 2108 852 2167 duae
883 2128 1066 2184 consequens
1096 2108 1154 2169 sibi
1184 2106 1327 2178 dividunt,

291 2212 414 2271 quarum
440 2181 525 2253 ἀλλὰ
552 2191 635 2266 pauit
662 2189 789 2278 aliquid,
811 2191 958 2266 diversum
979 2193 1016 2250 ab
1037 2212 1093 2269 ea,
1114 2190 1194 2265 quad
1214 2210 1270 2265 per
1289 2180 1326 2252 ari

291 2276 461 2351 particulam
488 2280 620 2348 negatur.
672 2271 763 2333 lsccr.
791 2275 824 2332 in
849 2272 998 2353 Panegyr.
1026 2278 1068 2347 [§.
1100 2280 1171 2334 172.
1198 2278 1253 2333 73.
1283 2272 1327 2332 ed

291 2356 392 2419 Bekk.
413 2377 443 2431 p.
465 2359 517 2414 76.
539 2354 585 2414 ed
606 2352 648 2413 Η.
668 2353 785 2431 stapla]
811 2357 868 2420 νῦν
889 2354 927 2422 di
948 2352 989 2433 ai¹
1002 2353 1062 2436 μεῖν
1087 2351 1122 2419 ἓν
1142 2355 1219 2431 ταῖς
1238 2350 1328 2438 μεγί-

294 2456 389 2513 σταις
418 2429 534 2513 δόξαις
561 2426 653 2521 ύντες
673 2434 733 2503 ε’πῖ
752 2442 887 2524 μικροῖς
908 2435 1167 2518 σπουδάζουσιν,
1180 2432 1274 2523 ἡμῖν
1294 2434 1329 2502 δὲ

293 2521 367 2621 τοῖς
394 2518 458 2582 τῶν
488 2517 669 2584 πολιτικῶν
697 2515 890 2604 ἐξεστηκύσι
916 2518 996 2604 περὶ
1023 2515 1226 2606 τηλικούτων
1245 2542 1329 2605 προ·

293 2624 426 2685 γματων
453 2595 688 2683 συμβουλεύειν
716 2600 995 2669 καταλελοίπασιν
1015 2598 1055 2668 οὐ
1076 2598 1142 2689 μὴν
1163 2595 1235 2667 ἀλλ’
1257 2600 1327 2688 ὅσῳ

148 2719 173 2770 p.
196 2698 258 2758 aad.
293 2678 578 2771 μικροψυχύτεροι
597 2679 808 2766 τυγχάνουσιν
829 2678 921 2762 ὄντες
942 2682 976 2751 οῖ
996 2686 1208 2770 προεστῶτες
1228 2678 1328 2770 ἡμῶν,

294 2768 454 2834 τοσοῦτον
482 2760 641 2853 [τοσούτῳ
663 2767 776 2841 Bekk.]
802 2765 879 2845 τοὺς
900 2763 1021 2845 δύλλους
1041 2766 1328 2856 ἐρρωμενεστέρως

296 2850 349 2917 δεῖ
392 2851 545 2923 σκοπεῖν,
584 2844 680 2926 ὅπως
716 2844 1036 2936 ἄπαλλαγησιύμεθα
1066 2852 1127 2935 τῆς
1156 2848 1328 2937 παρούσης

297 2928 434 3020 ἔῇρθρας.
477 2932 609 3013 Quarum
634 2935 813 2995 locutionum
838 2939 916 3010 eius,
944 2956 1019 3011 quaa
1039 2938 1120 3011 prior
1141 2944 1204 3011 est,
1226 2955 1327 2996 sensus

297 3026 342 3079 est
383 3014 563 3076 huiusmodi:
608 3017 797 3100 praecipuas
833 3016 868 3082 in
904 3017 1131 3100 rebanpublicis
1174 3016 1328 3102 Graeciae

292 3098 824 3187 paraimamentinegatiisaperarir
834 3101 932 3179 δυνος
956 3100 1328 3186 manimaqaaeqaealiie

296 3181 439 3249 wanda
469 3182 655 3264 relinquere.
704 3183 777 3246 l’cst
807 3205 882 3261 quae
913 3186 1042 3246 subiicit:
1074 3184 1177 3267 quad,
1209 3182 1329 3249 tametsi

296 3289 349 3331 res
375 3264 424 3329 ita
450 3287 484 3329 se
508 3265 641 3344 babeat,
663 3288 726 3331 nan
745 3266 817 3331 idea
835 3264 971 3351 reliquas
990 3268 1157 3349 negligere
1176 3282 1328 3351 opertere,

298 3348 356 3418 sed
374 3369 506 3426 ουνανε,
532 3360 567 3412 at
591 3348 747 3413 Graeciae
767 3350 911 3415 ciuitates
929 3350 1014 3414 inter
1030 3373 1098 3414 sese
1116 3352 1326 3415 conciliarier.

299 3429 402 3507 ltaque
428 3426 494 3515 μὴν
513 3434 653 3506 particula
673 3434 836 3509 praedictae
855 3436 1009 3496 locutionis
1030 3436 1206 3497 antecedens
1226 3435 1327 3508 innuit,

299 3512 388 3616 qrpael
415 3513 542 3612 tqmetsi
569 3536 620 3577 res
651 3513 700 3578 ita
727 3540 761 3579 se
787 3517 920 3599 lrabeat:
947 3520 1027 3580 acsi
1048 3519 1188 3594 dixisset,
1210 3512 1328 3599 καίπερ

301 3617 359 3661 ουν
385 3616 509 3657 τουτων
538 3591 643 3673 οὕτως
670 3592 836 3676 ἐχόντων(
859 3600 983 3678 Negatio
1004 3602 1143 3678 deinceps
1162 3603 1244 3661 illam
1263 3621 1328 3660 con·

300 3680 450 3757 sequentis
481 3686 591 3754 partem
621 3682 733 3757 innuit,
769 3704 832 3746 nan
862 3684 983 3747 idcirce
1010 3683 1144 3767 reliquas
1172 3684 1328 3787 negliffere

300 3774 460 3846 aparine,
487 3782 520 3821 ac
547 3766 573 3825 si
602 3762 742 3839 dixisset,
768 3758 807 3830 ού
831 3764 884 3830 δεῖ
903 3763 980 3843 τοὺς
1000 3757 1123 3843 ἷίλλους
1141 3759 1233 3853 ἡμᾶς
1252 3787 1327 3844 σμε-

300 3844 381 3911 λεῖν.
422 3844 550 3923 Reliqua
574 3850 778 3924 consequentis
804 3870 890 3926 pars,
916 3852 949 3909 in
969 3872 1027 3927 qua
1047 3854 1166 3927 panitrrr
1186 3852 1325 3911 diversum

301 3928 455 4031 quiddam,
490 3950 543 4006 per
583 3922 669 3995 ἀλλὰ
706 3933 938 3993 coniunctionem
966 3935 1127 4011 profertur,
1165 3955 1241 4011 quae
1271 3941 1324 3993 est:
1392 3935 1394 3974 Ι

300 4006 387 4075 αλλὰ
417 4014 569 4087 σκοπεῖν,
599 4009 694 4091 ὅπως
727 4007 1046 4098 ἆπαλλαγησεύμεθα
1073 4018 1133 4101 τῆς
1159 4009 1326 4101 παρούσης
1392 4047 1394 4084 ι

301 4086 442 4178 licique,
469 4098 490 4154 i.
512 4116 539 4158 e.
566 4096 623 4161 sed
650 4096 689 4163 id
712 4119 842 4180 aurare,
869 4111 905 4167 ut
929 4098 1145 4182 praesentibus
1164 4096 1325 4185 ininmtir't
