2825 4634
180 348 186 360 ”
272 327 316 394 2⁰
707 311 887 390 ittera.
945 410 953 432 x

272 485 332 571 ους
374 493 453 557 Nam
487 492 568 570 quod
595 491 737 570 suspicari
769 491 869 570 pessel
897 489 1023 572 aliquis,
1053 513 1154 555 vocem
1185 481 1314 567 diicat,

269 579 355 642 iuxta
381 582 429 641 sni
454 571 723 675 ἕτυμολογίαι,
712 599 734 635 ι
759 597 788 637 s.
813 578 901 638 iuxta
925 579 1159 638 constituentium
1184 581 1313 654 partium

271 661 534 756 significationem,
561 680 615 736 pro
643 649 760 724 ἅλλοιι
787 652 1008 765 ἀορίστως,
998 684 1019 720 ι.
1048 682 1076 721 c.
1101 660 1192 724 alind
1217 661 1312 744 quid·

214 796 220 805 .
270 749 367 824 aaa,
399 754 448 807 aut
476 745 698 820 interrogative,
732 765 785 819 pro
815 739 851 807 τί
880 732 979 815 αλλο,
1010 746 1032 803 i.
1054 765 1081 804 e.
1108 744 1190 828 qnid
1204 745 1311 822 alind,

271 832 432 894 secundum
458 823 492 894 τί
515 829 644 888 nominis
664 827 810 901 duplicem
829 828 1071 929 significationem
1093 831 1183 928 accipi
1202 849 1309 906 posse3

272 917 303 976 id
324 925 427 976 neutro
448 912 535 973 modo
556 913 652 974 locum
670 910 770 994 Ιιιιιιι.
813 900 933 972 Nam'
913 902 1070 998 αόρισιον
1092 900 1207 976 illiers
1226 915 1311 973 nullo

224 1073 228 1082 Ι
271 1000 373 1060 modo
380 999 511 1082 quadrat.

356 1083 433 1164 Quis
471 1082 551 1141 enim
588 1099 694 1144 seusus
732 1080 787 1139 erit
823 1078 940 1139 illorum
973 1077 1128 1139 verborum
1158 1075 1307 1140 Platonis.

272 1165 370 1232 adens
391 1189 431 1246 eg
432 1187 450 1228 e
467 1163 676 1241 Theodoram,
696 1175 729 1225 et
748 1162 895 1226 mmoria
915 1175 1034 1239 terrun,
1056 1161 1232 1245 qualisnam
1250 1153 1309 1239 sit,

133 1280 160 1326 p.
187 1257 231 1313 ιι.
271 1250 364 1316 uliud
383 1248 536 1350 quiddam
555 1246 680 1311 modo
665 1269 767 1328 rpssm
787 1244 897 1321 ordeo,
922 1244 1013 1308 medo
1032 1267 1094 1308 non
1114 1245 1213 1311 video.
1254 1245 1309 1308 Ι-ιι

273 1336 446 1412 terrogativs
473 1334 560 1392 etiam
587 1339 735 1407 acceptum
757 1331 912 1391 absurdum
933 1351 1054 1391 sensnm
1073 1330 1187 1392 reddet.
1207 1329 1310 1394 scieas

273 1440 332 1500 ego
356 1415 565 1493 Theodoram,
586 1427 618 1478 et
637 1413 784 1476 memoria
804 1426 924 1489 tenens,
945 1413 1083 1496 qualis
1068 1434 1135 1495 apae
1154 1413 1209 1490 sit,
1230 1413 1311 1496 quid

272 1501 366 1568 uliud
393 1499 485 1564 modo
515 1498 625 1573 video,
656 1497 748 1560 modo
770 1519 832 1560 non
858 1495 974 1560 video?
1014 1495 1061 1556 At
1086 1499 1161 1558 diest
1189 1499 1308 1575 aliquis,

110 1591 253 1694 ittotai.
273 1588 378 1648 deesse
397 1575 619 1684 particulam
598 1606 619 1668 η
645 1581 860 1680 legendumque
881 1601 949 1642 esse
974 1567 1142 1668 didiceris
1185 1580 1231 1642 Ae
1249 1601 1309 1643 nos

249 1658 442 1736 itteris
419 1691 459 1754 η,
492 1673 694 1744 aggregatum,
728 1664 955 1770 ιἰιιιιιοςαιίιιι
977 1667 1113 1740 ponimus
1137 1668 1246 1741 accipi,
1275 1669 1309 1726 iu

271 1759 410 1832 ipsoque
424 1753 630 1828 iuterrogatiie
662 1757 779 1824 accepto
810 1743 859 1822 ai,
893 1750 1047 1826 particula,
1085 1749 1273 1825 duplicem
1259 1753 1309 1812 sui

271 1839 516 1917 'significationem
546 1854 618 1910 prae
651 1855 684 1895 se
715 1834 783 1896 fert.
836 1830 914 1894 Nam
943 1835 1149 1910 interrogative
1177 1842 1308 1939 accepta²<

209 1997 215 2007 Ι
272 1931 322 1984 ant
351 1920 497 1998 praecedit
527 1927 618 1978 totum
651 1927 854 1996 aggregatum,
882 1925 912 1977 et
941 1926 1009 1977 nme
1033 1938 1087 1991 pro
1115 1911 1148 1981 τί
1176 1905 1258 1984 addo
1284 1943 1306 2004 η

271 2014 443 2080 usurpatur,
464 2010 514 2062 aut
533 2011 587 2062 s'uo
608 2003 680 2061 loce
694 2020 870 2077 permanens
891 2022 941 2074 τι,
962 1991 1161 2077 particula,'
1141 1996 1308 2084 αορίστως

271 2091 423 2165 accipitur,
452 2088 597 2184 ιιιιιιιιι
598 2087 816 2183 interrogativa
843 2091 935 2144 totum
961 2093 1146 2162 aggregatum
1174 2085 1307 2188 profera-

270 2183 326 2234 tur.
369 2170 404 2232 Si
423 2172 512 2248 ignm
531 2172 563 2230 in
584 2157 744 2232 άλλοτιι
758 2171 965 2244 interrogativo
982 2177 1156 2245 aggregato,
1176 2163 1225 2241 τί,
1247 2160 1309 2232 ἆό-
1406 2152 1407 2179 ¹

270 2260 385 2358 (radten
403 2254 555 2329 iaciamus,
575 2255 629 2312 erit
648 2193 859 2328 praedictorum
873 2250 1005 2312 Platonis
1024 2253 1179 2311 verbenam
1199 2273 1308 2324 sensns

271 2341 353 2401 taliae
380 2338 480 2404 sciens
507 2357 567 2417 ego
596 2336 814 2412 Theodoram,
839 2348 870 2399 et
890 2333 1037 2406 memoria
1058 2348 1181 2416 emens,
1203 2335 1309 2417 paulis

270 2423 329 2501 sit,
359 2420 449 2486 aliud
474 2418 625 2504 quiddam
644 2441 738 2504 quum
758 2419 883 2483 medo
867 2441 968 2502 ipsum
988 2418 1097 2495 video,
1119 2419 1210 2483 modo
1230 2441 1308 2497 nun,

270 2515 304 2568 ιιι
343 2508 450 2566 dictum
487 2513 568 2565 est.
594 2501 647 2564 Ad
684 2525 759 2579 quae
791 2524 853 2564 uon
885 2524 1013 2580 congrua
1043 2511 1122 2564 esset
1151 2506 1307 2580 responsio

270 2582 362 2655 πάνυ
378 2585 449 2693 μὲν
476 2577 548 2688 οὖν,
571 2607 658 2664 qnam
677 2588 747 2646 facit
766 2588 980 2648 adversarius
970 2609 1002 2646 ιιι
1023 2589 1087 2647 loco
1107 2607 1196 2662 supra
1217 2587 1306 2689 dicto,

270 2674 325 2736 sed
351 2664 448 2737 ondin
476 2659 575 2747 itte,
603 2691 679 2747 quae
706 2671 828 2731 debetur
853 2673 974 2731 vocibus
1002 2661 1166 2734 dilosc’
1144 2695 1183 2757 η,
1219 2673 1246 2731 si
1273 2673 1307 2730 in
1405 2704 1406 2719 ι

271 2778 325 2818 sua
347 2756 574 2834 significatione,
595 2756 729 2831 proxime
749 2756 823 2815 dicto
844 2755 946 2829 medo,
971 2757 1180 2830 acciperentur.
1203 2776 1306 2830 qnem-
1405 2808 1406 2819 ,

164 2875 166 2878 -
270 2841 425 2901 admodum
456 2841 634 2915 accipiuntur
664 2840 697 2897 in
727 2836 866 2914 Sophiste
897 2837 1061 2910 [Tlreaeteti
1092 2861 1123 2913 p.
1154 2843 1226 2898 308.
1257 2840 1304 2899 ed.
1405 2834 1406 2839 ἵ

268 2922 370 2986 Bekk.
402 2947 432 3001 p.
456 2928 528 2984 209
552 2923 598 2983 ed.
620 2920 662 2980 H.
680 2919 798 2997 Steph]
820 2924 920 3025 apud„
915 2923 1070 2982 euudcm'
1060 2943 1092 2981 ιιι
1109 2923 1169 2982 illis
1189 2924 1304 2983 verbis.

268 3005 327 3073 ani
353 3003 412 3074 ἐὰν
438 3003 488 3084 dig
496 3000 608 3109 τρία,
639 2996 661 3090 ’ἡ
690 3001 762 3105 τρὶς
792 2996 909 3078 daie,³
898 3029 918 3092 η
945 2996 1108 3109 τέτταρά
1107 3028 1143 3068 τε
1164 3028 1222 3069 και
1213 3001 1306 3070 δύο

267 3087 437 3197 λέγωμεν,
457 3082 663 3177 nicaeensis
690 3089 779 3154 πᾶσι
805 3083 937 3193 aovr'ot'g
965 3084 1003 3152 τὸ
1031 3079 1112 3152 aiod
1141 3079 1163 3176 ἢ
1190 3084 1306 3175 ἕτερον

266 3171 342 3279 λέγο
370 3196 421 3253 εις
464 3173 578 3258 Oenea.
600 3167 712 3237 ταυιὸ.
746 3163 855 3236 Σω
831 3195 887 3259 ap
874 3163 1068 3237 'ittoffl
1046 3196 1067 3258 η
1088 3168 1142 3251 ii,
1171 3172 1304 3236 ..Θεαιτ

266 3252 377 3329 edd,
409 3261 430 3318 i.
458 3277 486 3316 e.
497 3253 669 3338 namquid
699 3255 791 3319 aliud
819 3254 994 3350 quoddam,
1031 3277 1153 3360 quum
1156 3253 1242 3319 aar?
1267 3257 1306 3317 ad

307 3362 341 3402 ae
362 3302 519 3417 respondet
540 3340 735 3416 adversarius,
754 3337 869 3401 ιιιἸιιἸ.Ι
886 3338 969 3400 Patet
988 3343 1100 3442 itaque,
1119 3333 1160 3413 τί,
1182 3342 1310 3424 miurinus

264 3361 432 3526 dupioamg
458 3425 548 3499 accipi
572 3442 661 3500 posse
687 3425 720 3482 in
748 3410 865 3485 ilion
891 3432 1063 3504 aggregato,
1090 3425 1122 3482 in
1152 3427 1305 3500 proposito

142 3584 144 3589 Ι
184 3555 188 3561 .
263 3505 396 3570 Platonis
421 3510 503 3567 loco:
530 3508 563 3566 in
590 3527 648 3584 quo
675 3526 716 3566 ex
738 3508 948 3583 responsione,
969 3528 1057 3584 quam
1074 3508 1145 3567 iacit
1165 3509 1306 3570 adversa·

264 3594 342 3670 rius,
367 3599 462 3668 patet,
488 3592 694 3668 interrogative
722 3595 811 3649 totam
837 3591 1012 3651 locutionem
1037 3592 1163 3667 proferri
1182 3593 1306 3657 debere.

264 3673 301 3736 Si
321 3684 417 3736 autem
437 3671 483 3748 τί,
483 3677 710 3780 interrogative
732 3681 896 3751 acceptum,
916 3684 1112 3752 praeponatur
1131 3678 1183 3736 toti
1198 3697 1306 3755 aggre-

148 3812 154 3824 .
213 3801 221 3820 .
264 3767 348 3839 gato,
373 3779 428 3836 pro
457 3781 491 3827 ιι
483 3747 649 3822 'dito'
627 3781 664 3844 η,
684 3759 827 3821 illativum
847 3766 877 3820 st
899 3762 1072 3820 assertivum
1092 3780 1214 3821 sensnm
1233 3783 1306 3836 pro·
1403 3764 1404 3831 ,

213 3895 216 3908 .
264 3845 404 3922 positioni
443 3843 557 3903 tribuet.
611 3840 743 3918 Cumque
780 3846 957 3905 assertiones
994 3846 1027 3902 in
1059 3844 1305 3920 disputationibus
1403 3850 1404 3917 J

264 3929 424 3990 adversarii
451 3927 623 3988 assensione
649 3922 824 4004 indigeant,
838 3947 1035 4004 assensumque
1046 3928 1219 3989 adversarii
1239 3949 1305 3988 uon
1403 3954 1404 3975 1

263 4013 437 4088 sumendus,
471 4031 526 4072 nec
556 4013 722 4070 narratione
752 4013 963 4114 exponendus,
993 4013 1047 4073 sed
1073 4014 1182 4073 interro
1220 4015 1304 4072 tione

263 4096 482 4174 extorquendas
503 4096 557 4171 sit,
576 4101 670 4171 patet,
697 4036 855 4198 oiiioas'
833 4119 885 4197 η,
897 4105 1083 4174 aggregatum
1103 4117 1144 4158 ex
1168 4091 1250 4161 αλλο
1273 4105 1306 4155 et

260 4174 313 4262 ai,
340 4181 522 4259 nominibus,
550 4188 579 4240 et
604 4165 793 4256 particula
772 4201 808 4263 η,
839 4181 922 4243 cuim
941 4181 1053 4243 illativa
1073 4180 1279 4258 significatio
1268 4202 1303 4241 ιιι
