2825 4634
288 257 336 328 28
378 343 380 345 ¹
708 323 713 334 .
756 254 873 342 ,ε’μοί.
914 327 919 332 .

290 429 342 489 ubi
366 428 535 505 simpliciter
554 431 792 506 consequentiam
812 429 974 506 significat,
994 432 1042 492 ,cui
1062 431 1186 498 sortasse
1208 453 1331 510 respon-

286 515 373 578 deret
393 516 483 596 latina
503 515 644 596 particula
662 526 781 590 taraces.
813 513 898 586 Alibi
914 519 1158 597 ¹consequentiam
1183 538 1247 576 cum
1269 539 1330 578 em·

290 598 377 674 phasi
397 598 532 674 absurdi,
554 599 670 672 quando
691 598 827 659 videlicet
849 594 958 676 aliquid
979 621 1019 660 ex
1039 621 1100 661 non
1123 621 1211 664 causa
1231 605 1330 678 sequi·

290 694 352 760 tur,
376 692 408 743 ut
429 683 506 759 apud
526 680 758 759 Aristophanem
779 684 811 741 in
832 681 981 757 Pluton.
1008 688 1079 744 909.
1105 690 1183 757 10.]:

497 822 559 881 πῶς
574 810 625 876 οὖν
641 816 679 877 ἂν
695 825 752 892 fias
766 819 898 894 χρηστὸς,
922 811 945 876 ὦ
963 805 1122 894 τοιχιιρύχε,
1161 855 1171 859 -

497 910 526 962 εἴ
538 921 583 962 σοι
601 911 744 982 προσῆκον
762 908 866 978 μηδὲν,
887 901 931 963 elr’
951 903 1123 980 ἀπεχθᾶιεη

233 1125 241 1146 Ι
290 1048 394 1101 tamen
413 1036 628 1104 stomacharis.
670 1025 712 1098 Et
732 1027 832 1100 rursus
856 1037 996 1130 [Rumor.
1017 1059 1046 1100 v.
1062 1042 1171 1112 ,367.]ε

356 1165 374 1239 ἢ
399 1167 462 1230 τοὺς
481 1167 603 1239 μισθοὺς
624 1171 680 1225 τῶν
698 1172 821 1238 ποιητῶν
838 1166 926 1246 ῥήτωρ
945 1165 994 1238 ὢν,
1013 1161 1057 1224 εἶτ’
1075 1164 1242 1243 ἀποτρώγει.

237 1294 239 1300 ’
279 1293 394 1370 ,Neque
421 1294 500 1352 enim
526 1300 566 1349 ex
595 1310 648 1366 eo,
674 1293 753 1366 quod
770 1291 846 1366 nihil
868 1294 904 1353 ad
925 1291 1135 1372 sycophantam
1155 1291 1242 1351 illum
1264 1311 1326 1367 per·

287 1380 418 1438 tinebant
438 1376 667 1452 negotiationem
688 1381 774 1454 sequi
795 1377 923 1454 deberet,
944 1389 975 1437 ut
992 1379 1049 1438 sibi
1063 1377 1230 1436 inimicitias
1251 1396 1325 1434 com·

220 1525 225 1530 ,
287 1483 390 1540 parare
418 1463 505 1521 velit:
535 1478 591 1517 nec
620 1481 660 1519 ex
687 1483 741 1538 eo,
769 1463 848 1536 quod
876 1461 973 1522 rhetor
1001 1469 1080 1522 esset
1100 1461 1175 1520 alius
1196 1449 1349 1536 quidam‚=

288 1548 437 1624 sequitur,
464 1552 496 1604 ut
525 1546 699 1605 comicorum
720 1547 883 1606 mercedem
906 1567 1047 1622 usurpare
1069 1545 1180 1604 debeat.
1224 1542 1327 1621 Atque

287 1635 375 1692 etiam
401 1641 464 1690 tum
489 1626 596 1688 latinae
623 1631 781 1704 particulae
811 1641 918 1693 tamem
948 1629 1149 1706 respondebit,
1183 1649 1259 1690 cum
1288 1627 1326 1689 sit

286 1716 411 1790 rhetor,
439 1712 624 1784 comicorum
646 1718 752 1777 turben
772 1713 945 1776 mercedem
967 1725 1101 1796 usurpat
1121 1709 1325 1776 uc‘devorat.

116 1806 188 1877 airu,
208 1822 277 1864 cere·
303 1839 308 1852 κ
368 1796 522 1874 Accipitur
548 1798 636 1856 etiam
662 1787 736 1860 εἶτα
763 1820 816 1874 pro
845 1797 966 1860 demum
972 1840 985 1872 ,
1006 1795 1155 1879 denique,
1176 1806 1325 1873 ceteram,

285 1893 318 1946 ut
334 1883 415 1960 *apud
437 1879 631 1956 Aristophan.
653 1883 685 1939 in
705 1878 824 1942 Avibus
846 1883 1111 1953 [v.1422-25.]:
1134 1879 1325 1957 Sycophanta

212 2013 215 2016 .
286 1968 414 2109 quidaml
433 1968 642 2042 interrogatus,
669 1964 813 2047 quisnam
833 1975 927 2040 esset,
948 1978 980 2027 et
1000 1985 1145 2046 quorsum
1165 1959 1324 2028 venisset?

197 2062 201 2069 ’
286 2072 394 2129 respon
415 2058 459 2109 et:
1023 2061 1026 2070 “
1308 2065 1309 2070 ’

469 2157 569 2236 κλητήρ
587 2165 647 2232 εἰμι
664 2161 823 2231 νησιωτικὸς

468 2249 518 2302 καὶ
534 2242 711 2318 συιιοιμιλνιης

462 2326 528 2402 ιεἶτα
545 2324 648 2404 δέομαι
665 2329 752 2406 πτερὰ
769 2331 862 2402 λαβὼν
892 2387 897 2399 ,

468 2413 559 2487 κύκλῳ
583 2424 744 2492 περισοβεῖν
771 2415 819 2480 τὰς
845 2414 937 2480 πόλεις
960 2405 1141 2490 καλούμενος.

283 2538 344 2601 Ubi
365 2526 453 2611 εἶτα,
481 2531 553 2604 dmi
573 2540 631 2604 soi
656 2532 788 2605 λοιπόν.
834 2529 976 2603 Carsium
997 2541 1068 2604 alos
1089 2552 1125 2602 at
1144 2537 1223 2601 mibi
1243 2543 1322 2602 com*

283 2623 388 2687 modes
408 2645 486 2706 opos
505 2637 568 2702 est,
588 2637 625 2687 ot
645 2628 767 2688 sursum
786 2623 1156 2707 deorsumque‘celeriter
1177 2623 1322 2686 cursitem

139 2749 170 2800 p.
187 2730 247 2788 134,
283 2707 330 2772 ad
347 2707 482 2771 homiues
503 2707 537 2771 iu
559 2708 608 2772 ius
628 2708 796 2774 vocandos.
838 2707 878 2768 Et
898 2711 940 2769 sic
961 2697 1033 2773 elsa
1054 2709 1233 2770 correctivum
1256 2728 1321 2770 sen·

181 2832 185 2838 ,
231 2844 236 2850 .
283 2813 349 2856 sum
368 2791 457 2852 habet
476 2814 530 2870 pro
551 2815 658 2878 quare·
671 2802 701 2853 et
718 2803 946 2877 quampiam*

155 3132 228 3203 ipat.

684 2967 885 3068 1Ἐμοί·

360 3103 469 3191 Ἐμοὶ,
498 3111 613 3178 dativus
641 3113 752 3188 primae
780 3133 928 3188 personae*
952 3112 1171 3188 pronominum,
1192 3109 1274 3186 quod
1293 3113 1321 3168 cl

280 3191 342 3278 μοὶ
361 3199 428 3257 sine
447 3199 548 3272 prima.
563 3198 678 3274 syllaba
699 3199 811 3257 dicitur.
865 3196 899 3256 Si
920 3199 1089 3272 simpliciter
1108 3199 1232 3272 primam
1253 3214 1320 3270 per·

280 3297 385 3342 aonam
422 3282 488 3341 sine
518 3281 651 3366 emphasi
681 3290 731 3340 aut
762 3283 945 3357 oppositione
977 3281 1132 3356 designare
1163 3299 1238 3354 opus
1272 3280 1319 3350 sit,

279 3366 465 3440 postponitur
499 3385 615 3438 semper
652 3365 765 3424 cuidam
802 3367 941 3426 orationis
972 3368 1061 3440 parti,
1093 3365 1139 3422 cui
1168 3363 1319 3440 proprium

279 3451 631 3532 accentnmtransmittit.
674 3446 782 3508 Contra
809 3445 897 3527 ἐμοὶ,
927 3450 1006 3526 qrrod
1031 3469 1148 3524 semper
1167 3449 1319 3522 proprium

279 3542 429 3609 accentum
449 3534 576 3609 obtinet,
607 3553 723 3610 semper
740 3532 840 3593 itidem
861 3533 1014 3610 emphasin
1035 3542 1084 3593 aut
1104 3533 1319 3609 oppositionem

277 3616 422 3692 designat.
459 3615 500 3677 =Si
519 3620 599 3678 enim
619 3618 698 3678 dicas
718 3614 814 3700 μέλει
834 3613 907 3696 μοί,
929 3620 978 3700 vel
998 3610 1135 3703 μελήσει
1155 3609 1224 3695 μοί,
1246 3617 1318 3676 sim·

217 3695 221 3701 ’
276 3700 392 3776 pliciter
417 3721 512 3764 merae
537 3699 599 3764 riti
621 3723 687 3765 esse
714 3701 857 3783 aliquid,
884 3701 1030 3784 velsore
1051 3702 1176 3762 asseris:
1198 3701 1319 3760 sivero

220 3992 229 3999 a

263 3779 356 3863 Ιἐμοὶ
377 3777 524 3870 μελήσει,
550 3783 612 3848 ribi
632 3785 710 3863 soli,
736 3789 786 3848 vel
811 3784 873 3849 tibi
895 3783 1105 3868 praescieris
1125 3782 1198 3848 olim
1220 3803 1319 3846 carue

268 3863 353 3952 fore
388 3869 548 3946 significas.
599 3868 705 3946 Neque
743 3893 845 3947 parum
884 3873 1022 3947 interest,
1052 3879 1147 3928 utrum
1178 3859 1319 3950 μελήσει

276 3946 338 4032 μοὶ
364 3952 462 4032 dicos,
489 3975 529 4013 an
557 3948 632 4033 ἐμοὶ
658 3947 807 4039 μελήσει.
849 3953 927 4016 Nam
953 3955 1010 4032 hoc
1024 3957 1175 4016 maiorem
1196 3949 1318 4026 empha·
1374 4017 1382 4030 Ἀ

163 4105 168 4108 .
279 4037 327 4096 sin
348 4034 446 4099 habet.
487 4036 571 4099 ldem
590 4039 693 4123 accidit
712 4035 768 4108 σοὶ
788 4039 936 4102 sectandae
955 4059 1116 4116 personae,
1140 4037 1218 4113 quod
1236 4055 1317 4095 sem-

279 4139 334 4196 per
356 4113 605 4208 peroratione
632 4119 693 4204 eat,
728 4124 860 4210 soloque¹
878 4133 997 4212 accentu
1024 4125 1140 4189 denotat
1170 4113 1317 4205 ἔμφασιν
