2825 4634
277 288 320 356 26
767 269 828 346 llo.

228 409 232 424 Ι
276 455 363 522 dere·
405 449 450 514 At
465 449 520 510 ille
542 448 628 509 talem
649 467 682 508 se
705 445 884 510 ostendebat
933 445 1086 514 ux'atas
1107 453 1319 529 consequentis

277 540 437 618 positione,
458 534 572 596 videtur
591 533 662 611 poni
683 533 857 594 antecedens
873 533 1000 609 aliquod.

676 725 909 768 Q*

630 885 854 951 CAPUT
896 887 952 950 111.
1020 929 1024 936 ,

273 1027 333 1094 De
370 1019 416 1092 ἂν
453 1017 680 1112 particula,
713 1033 751 1085 et
782 1013 873 1087 ἄνθ’
908 1009 975 1100 ὧν,
1005 1035 1041 1087 et
1072 1015 1165 1090 ἀνθ’
1201 1016 1314 1090 ὅτου.

163 1205 205 1265 ¹.
233 1237 237 1248 ,
347 1175 423 1256 ’Ἂν
459 1193 615 1268 particulae
650 1192 711 1252 vim
751 1186 939 1277 δυνητιιιὴν,
959 1200 989 1252 et
1025 1181 1313 1277 ἄοριστολογικὴν,

271 1283 293 1340 i.
315 1300 342 1338 e.
360 1277 565 1361 potentialem
586 1285 615 1335 et
636 1271 823 1357 indefinitae
843 1275 992 1338 orationis
1016 1274 1217 1358 effectricem,
1237 1286 1313 1334 tam-

160 1415 165 1429 .
221 1417 228 1432 .
272 1365 328 1424 etsi
356 1379 457 1421 omues
481 1360 551 1424 fere,
574 1361 754 1435 grammatici
780 1368 955 1435 agnoscamt,
977 1367 1073 1418 tamen
1097 1381 1197 1420 earum
1217 1359 1312 1418 taan-

271 1455 361 1507 tatum
386 1446 465 1504 velut
491 1445 691 1518 immemores,
720 1443 889 1518 particulam
916 1442 993 1502 hanc
1019 1445 1051 1501 in
1077 1464 1129 1520 eo,
1151 1443 1231 1520 quod
1250 1444 1313 1518 ipsi

271 1533 462 1602 constituunt,
494 1527 705 1602 expletivarum
738 1535 767 1585 et
797 1542 1076 1602 supervacaneamm
1103 1528 1313 1602 particularum

271 1635 380 1694 genere
401 1613 556 1671 collocant:
587 1612 660 1670 sicut
680 1619 710 1669 et
729 1611 891 1686 complures
913 1612 1002 1686 alias,
1023 1631 1096 1686 quas
1116 1620 1235 1687 propter
1252 1631 1311 1686 pe·
1406 1634 1407 1661 ι

153 1695 170 1716 ”
271 1701 407 1758 culiarem
428 1695 573 1771 (parandam
594 1693 851 1770 significationem,
876 1695 910 1752 in
930 1695 1012 1753 nullo
1033 1715 1134 1770 eorvun
1154 1714 1310 1772 generum,

269 1787 302 1842 in
323 1803 396 1858 qrrae
418 1781 461 1838 illi
482 1779 700 1838 coniunctiones
722 1778 912 1853 distributum,
933 1777 1075 1837 collocare
1095 1787 1229 1854 possunt.
1269 1775 1309 1836 Iu

270 1888 327 1943 qua
348 1887 380 1924 re
402 1863 472 1938 qaid
493 1861 644 1922 absurdius
666 1861 926 1938 acciderepotest,
947 1881 1035 1937 qtram
1051 1870 1098 1938 at,
1120 1863 1225 1938 quibus
1243 1863 1307 1921 vim

269 1952 397 2024 aliquam
423 1955 451 2004 et
480 1946 723 2021 significationem
749 1945 893 2020 tribuunt,
920 1965 971 2004 eas
996 1966 1058 2005 non
1085 1965 1104 2004 a
1129 1945 1235 2021 potiori
1258 1946 1307 2004 fa-

269 2033 390 2106 cultate,
412 2019 465 2090 sed
486 2050 503 2087 a
525 2027 661 2087 deteriori
686 2028 888 2087 denominant:
910 2030 1042 2104 quamvis
1058 2030 1204 2090 interdum
1220 2049 1307 2104 prae·
1406 2042 1407 2045 ’

270 2125 315 2177 ter
352 2116 398 2176 sui
433 2114 550 2189 generis
585 2112 751 2170 facultatem
787 2121 819 2170 ut
856 2131 1090 2187 supervacaneae
1119 2114 1306 2188 accipiantur.

269 2198 375 2274 Neqrre
396 2199 475 2257 enim
491 2196 548 2255 tale
563 2195 804 2256 'oonirmctiouam
823 2215 918 2270 gennas
937 2197 1171 2266 constituendam
1187 2207 1251 2273 est,
1272 2199 1308 2256 in

270 2303 328 2359 quo
349 2302 410 2340 non
432 2281 491 2340 uisi
510 2299 743 2354 supervacaneae
765 2281 923 2354 particulae
943 2282 1134 2357 collocentur,
1161 2301 1236 2358 qaae
1256 2283 1306 2340 in-
1406 2270 1407 2291 ¹

220 2422 222 2426 .
268 2366 411 2427 farciendi
444 2372 555 2423 tantrrm
589 2366 767 2437 orationem,
793 2371 823 2422 et
850 2365 934 2438 quasi
959 2366 1049 2426 rimas
1075 2367 1139 2425 eius
1164 2365 1306 2440 explendi

269 2449 395 2511 officium
416 2456 573 2522 praestent.
617 2445 696 2507 Nam
717 2466 791 2521 quas
809 2447 854 2506 illi
873 2443 1232 2534 παραπληρωματικὰς
1251 2470 1306 2509 vo·

270 2541 351 2609 cant,
377 2553 467 2608 qtrvrm
490 2552 544 2606 pro
571 2530 686 2591 diversa
711 2550 811 2604 esuum
838 2531 1066 2607 significatione,
1087 2533 1144 2592 alia
1168 2534 1207 2592 ad
1224 2533 1307 2592 aliud
1405 2546 1406 2599 t

270 2617 503 2678 coniunctionum
528 2634 622 2691 gensis
647 2615 805 2689 pertineat,
830 2615 1036 2690 propriamque
1062 2615 1306 2692 significationem

237 2693 241 2706 “
270 2705 317 2764 sni
342 2701 459 2776 generis
484 2717 677 2773 auraquaeque
704 2696 825 2770 habeat,
853 2698 932 2773 quod
956 2700 1002 2756 illi
1028 2701 1115 2760 etiarn
1136 2699 1305 2776 impruden·

270 2793 315 2845 ter
344 2785 485 2858 fintenum,
516 2779 583 2840 dum
613 2781 782 2856 particulam
817 2771 858 2843 tto
889 2784 1011 2857 eiusque
1042 2775 1230 2861 συνώνυμον
1256 2779 1305 2858 κε’,

270 2869 323 2930 vel
347 2862 417 2939 κέν,
443 2873 472 2925 el
499 2865 571 2927 alias
599 2861 758 2940 quasdam,
778 2884 851 2939 qaras
870 2866 949 2924 inter
967 2867 1130 2940 expletivas
1148 2868 1305 2945 collocent,
1376 2869 1382 2894 ¹

269 2951 303 3014 in
335 2953 400 3012 aliis
431 2950 517 3010 etism
547 2949 703 3025 generibm
735 2957 897 3010 recensent.
956 2947 1176 3027 Nonnunquam
1206 2960 1306 3015 tamen
1404 2994 1405 3005 ,

269 3037 348 3114 apucl
375 3041 523 3108 auctores,
555 3041 584 3092 et
613 3034 785 3108 praesertim
815 3036 935 3108 poetas,
965 3041 1102 3111 mustus,
1125 3037 1191 3096 sive
1218 3038 1305 3096 metri

268 3123 377 3198 gratia,
407 3138 461 3181 sua
492 3117 616 3177 nudatae
643 3116 857 3192 significatione
884 3118 1090 3192 accipiantur:
1117 3117 1183 3179 Nec
1207 3121 1305 3180 solum

268 3207 304 3266 ao
331 3225 390 3263 uno
416 3221 525 3281 genere
551 3202 787 3260 corriuuctionum
812 3199 844 3258 in
870 3201 952 3260 aliud
969 3202 1129 3263 nonnullos
1145 3205 1305 3278 particulas
1403 3244 1404 3255 ι

268 3287 463 3359 amatorum,
490 3283 544 3344 sed
571 3303 612 3343 ex
640 3283 787 3343 adverbiis
812 3285 899 3342 etiem
924 3304 1028 3360 vocas,
1054 3287 1129 3346 alins
1154 3289 1304 3363 propriam

267 3379 298 3432 et
321 3370 497 3446 peculiarem
522 3365 663 3434 habentes
690 3365 948 3445 significationem,
972 3371 1050 3430 inter
1070 3368 1304 3455 παραπληρω-

266 3447 411 3534 praecaria
441 3451 659 3512 coniunctiones
693 3451 861 3526 traducamt,
884 3461 917 3511 at
943 3439 1002 3526 αὖ,
1032 3455 1202 3528 adverbium
1230 3466 1304 3514 tem.

266 3539 362 3614 poris,
389 3544 418 3596 et
443 3528 527 3606 ποὺ,
555 3535 665 3608 locale,
692 3553 746 3593 seu
771 3537 979 3612 coniecturale,
1007 3547 1037 3596 ct
1058 3535 1159 3621 δῆτα,
1182 3559 1303 3600 asseve·
1402 3588 1404 3609 3

265 3622 367 3696 madi,
394 3627 423 3680 et
449 3619 522 3678 alias
543 3618 711 3678 nonnullas.
752 3616 792 3677 Et
812 3620 871 3696 sic,
891 3621 923 3680 id
941 3622 1021 3696 quod
1041 3623 1160 3682 vocibus
1181 3625 1303 3697 quibus.

263 3705 332 3764 dam
361 3705 541 3764 diversarum
567 3703 692 3778 partium
717 3704 856 3763 orationis
882 3705 998 3780 accidit,
1024 3712 1057 3765 ut
1081 3705 1217 3765 videlicet
1237 3715 1303 3768 tan-

153 3844 159 3859 ,
214 3843 221 3862 ,
263 3809 354 3866 mm
374 3787 539 3863 expletivae
561 3792 590 3844 et
614 3804 847 3862 supervacaneae
870 3789 1025 3864 aliqamncla
1046 3791 1238 3866 accipiantur,
1260 3791 1303 3867 it,

261 3894 298 3934 ao
326 3873 354 3934 si
379 3891 471 3932 urium
492 3869 636 3946 quoddam
657 3889 751 3948 gentas
772 3880 867 3948 esset,
888 3875 920 3932 i‘n
941 3875 1029 3943 auius
1049 3875 1174 3950 partium
1194 3877 1303 3936 oratio-
1401 3890 1402 3913 ι

263 3959 311 4020 nis
331 3956 450 4018 modam
469 3954 615 4058 ‚redigunt
1073 3998 1077 4005 .

346 4039 440 4102 Porta
468 4061 508 4101 ao
529 4038 669 4116 particula
689 4037 827 4104 omnibus
848 4034 946 4102 orodis
967 4039 1142 4107 wlstan
1162 4043 1303 4118 iungitur,

133 4219 135 4224 Ι
263 4147 323 4187 una
353 4120 548 4210 Insperatt'vo
577 4131 711 4200 excepto.
767 4122 918 4218 optativo
948 4144 1074 4203 nmque
1105 4135 1134 4188 et
1156 4125 1304 4233 ⁸Saliam·
1400 4196 1401 4199 Ἴ
