2825 4634
276 303 304 350 x
393 265 396 272 ’
587 251 588 262 ¹
658 275 916 354 Praelatio.
1016 294 1022 304 '

277 469 400 527 sumere
426 458 598 548 poterim
626 460 663 527 iu
687 460 730 527 iia
754 461 934 550 particulis,
963 485 1040 549 quas
1071 465 1303 532 coniunctene·

279 577 486 646 Grammatiei
515 577 642 662 dicunt,
669 578 698 644 ai
717 576 879 666 proposita
899 577 1072 669 scriptoris
1092 579 1227 646 alicuius
1245 604 1302 670 pc·

278 695 369 763 niodo
393 694 557 783 quapiam,
578 709 614 762 ut
631 697 814 765 Aristotelea
833 696 910 780 illa,
934 694 1059 787 dnecdrl'
1070 701 1183 767 πᾶσαν
1203 696 1303 766 πόλιν

279 812 409 904 ὁρῶμεν
426 810 596 882 κοινωνίαν
611 811 684 880 τινὰ
707 803 817 889 οὖσαν,
839 811 896 880 καὶ
909 819 1022 882 πᾶσαν
1038 813 1207 882 κοινωνίαν
1223 810 1304 901 dyo·

278 935 347 999 θοῦ
373 929 462 1009 τινὸς
490 928 595 997 ἕνεκεν
623 905 866 1016 συνειιηκυῖαν,
894 937 953 1000 τοῦ
979 930 1042 1020 γὰρ
1064 924 1148 999 εἶναι
1168 933 1304 1000 δοκοῦν-

279 1073 336 1128 τος
358 1044 490 1133 ἀγαθοῦ
509 1042 605 1135 χάριν
625 1043 735 1114 πάντα
756 1043 940 1137 πράττουσι
966 1044 1102 1127 πάντες,
1130 1049 1243 1136 δῆλον,
1272 1063 1306 1114 et

279 1165 419 1252 reliquae
448 1187 491 1228 ex
518 1163 587 1251 ipsa
613 1166 752 1230 clausula
784 1165 1022 1245 subtrahantur,
1047 1180 1078 1230 et
1102 1166 1207 1230 nudae
1227 1165 1305 1230 reli·

279 1307 359 1372 quae
380 1280 533 1349 orationis
551 1295 656 1370 partes
678 1285 892 1369 proferantur.
941 1281 1025 1348 Cum
1046 1282 1132 1347 euim
1151 1281 1303 1348 orationis

280 1400 432 1486 cuiusque
459 1397 634 1466 locutiones
667 1415 754 1466 certa
782 1401 919 1489 quadam
938 1399 1060 1465 ratione
1079 1398 1161 1465 aliae
1182 1400 1222 1464 ab
1242 1398 1313 1464 alia⁴

278 1518 452 1607 pendeant,
482 1517 688 1603 singulaeque
715 1516 750 1582 iu
777 1518 919 1583 membra
938 1502 1305 1602 quaedam‘dividautur,

280 1619 413 1724 ipsaque
440 1635 602 1718 membra,
636 1633 791 1701 nimirum
812 1623 1006 1700 'antecedens
1038 1648 1069 1700 et
1092 1651 1305 1719 ‘consequere

279 1755 372 1838 signa
393 1753 546 1838 quaedam
562 1750 764 1833 comitentur3
785 1753 926 1840 proiecto
944 1751 997 1838 qui
1013 1749 1179 1837 signorum
1194 1749 1307 1816 huius·
1355 1728 1357 1732 Ι

277 1870 366 1936 modi
393 1869 462 1935 vim
490 1884 582 1953 atque
608 1867 832 1936 indicationem
860 1869 1003 1954 ignorat,
1027 1891 1068 1932 ne
1089 1867 1307 1934 membrorum

279 1986 406 2074 quidem
441 2007 561 2050 nexum
599 1998 629 2048 et
655 1985 786 2068 seriem,
818 1985 974 2071 totiusque
999 1983 1151 2051 orationis
1177 1986 1307 2052 modum

280 2103 523 2188 qualitatemque
543 2101 703 2190 percipiet.
723 2115 728 2124 '
747 2101 891 2188 Cumque
909 2125 1022 2189 parum
1040 2100 1185 2184 intersit,
1210 2103 1306 2168 tolla·

280 2235 380 2297 turne
393 2220 432 2284 de
452 2217 558 2285 medie
579 2219 807 2306 particularum
827 2232 933 2303 usus,¹
948 2241 990 2285 an
1009 2241 1076 2284 nou
1095 2219 1305 2306 intelligatur,

279 2340 335 2406 vel
354 2337 444 2423 ipsae
461 2338 546 2401 male
566 2334 774 2402 adhibeantur
792 2351 823 2403 et
843 2337 1056 2426 applicentur,
1084 2359 1151 2402 nou
1172 2335 1304 2402 omniuo

279 2478 410 2542 operam
429 2453 552 2543 perdet,
578 2453 633 2540 qui
651 2453 690 2518 iu⁴
707 2453 758 2520 his
779 2454 994 2543 exponendis,
1018 2452 1131 2541 quique
1151 2453 1186 2519 in
1205 2452 1303 2518 iutel-

279 2571 417 2658 ligendis
436 2569 623 2636 industriam
643 2571 842 2659 studiumque
861 2573 1012 2662 posuerit.
1044 2547 1197 2638 'sienim
1217 2569 1305 2636 ordi·

278 2689 331 2756 uis
358 2703 388 2754 et
416 2686 603 2754 efficacitatis
630 2689 781 2754 orationis
810 2705 894 2755 certa
921 2690 1014 2775 sigua
1041 2687 1305 2771 constituerimus,

214 2799 226 2824 ⁸
278 2807 355 2887 fiet,
375 2818 494 2871 utnon
516 2803 664 2894 opinione
685 2805 770 2872 ducti
791 2831 834 2872 ex
854 2821 1021 2895 apparente
1038 2805 1192 2871 sententia
1213 2804 1305 2870 locu·

280 2921 376 2988 tionis
398 2920 511 3007 cuique
530 2921 703 3010 particulae
727 2923 822 2989 modo
843 2924 943 3006 hanc,
977 2922 1074 2988 modo
1093 2922 1183 2986 illam
1203 2919 1305 3006 signi·

281 3038 460 3106 ficationem
491 3039 685 3106 tribuamus:
719 3041 801 3127 quod
834 3039 900 3106 illis
933 3062 1056 3127 quoque
1087 3037 1217 3127 accidit,
1250 3037 1307 3124 qui

235 3231 240 3242 Ι
281 3171 460 3244 praesumta
491 3157 641 3247 opinione
670 3158 710 3223 de
742 3155 923 3224 huiuamodi
953 3155 1180 3244 particularum
1210 3153 1245 3220 vi
1274 3170 1306 3220 et

281 3285 432 3359 potestate
458 3273 554 3338 facile
580 3273 733 3341 indicant.
783 3273 849 3342 Sed
875 3274 1086 3362 exipsorum
1114 3270 1307 3362 etymologia

281 3390 387 3477 potius
414 3402 445 3456 et
469 3387 621 3476 primaria
641 3389 789 3473 notione,
810 3391 983 3480 particulae
1001 3392 1151 3474 cuiusque
1170 3388 1307 3454 faculta-

283 3521 347 3572 tem
374 3519 405 3572 et
432 3503 640 3592 multiplicem
667 3529 761 3575 usum
785 3507 1028 3597 perspiciemus,
1050 3524 1080 3575 et
1100 3514 1243 3600 quisnam
1262 3536 1307 3578 ax

275 3623 419 3709 ‘siugulis
444 3623 557 3689 modus
584 3637 616 3688 et
645 3623 826 3709 efficacitas,
856 3641 911 3693 aut
937 3627 1000 3696 elia
1021 3603 1153 3717 qualitas
1173 3628 1307 3714 singulis

284 3738 508 3807 locutionibus
523 3754 553 3806 et
580 3763 691 3806 earum
716 3743 869 3813 membris
898 3745 1040 3828 accedat,
1067 3761 1151 3813 certa
1172 3746 1309 3834 quadarn
1403 3819 1404 3825 ἵ

275 3855 405 3923 'ratione
421 3856 661 3944 nauigamus
688 3857 811 3926 Verum
824 3861 992 3949 cumipsae
1002 3861 1176 3949 particulae
1187 3885 1309 3945 omnes,

285 3987 409 4063 praeter
435 3997 569 4070 paucas,
599 3975 684 4042 uiltil
709 3983 876 4046 commuue
901 3976 985 4043 iuter
1011 4003 1045 4046 aa
1070 3982 1223 4064 lrabeaut,
1244 4002 1308 4065 quo

286 4095 384 4160 altera
418 4094 458 4165 ab
491 4095 590 4163 altera
622 4094 772 4183 pendeat,
804 4093 866 4177 ita,
897 4109 934 4161 ut
954 4119 1017 4165 uua
1037 4121 1102 4167 uon
1123 4098 1221 4188 possit
1241 4095 1311 4163 sina
1403 4154 1404 4176 ἶ
