2825 4634
270 295 402 344 uum
675 267 926 345 Praefatio.

188 492 190 497 ·
270 466 406 534 -stores,
434 456 546 518 verum
578 446 674 515 etism
701 447 889 518 cardinales
916 450 1082 534 nonnulli,
1110 451 1146 516 lu.
1166 473 1197 519 e.
1218 449 1313 539 lleip.

269 567 491 636 .Ghristianae
522 565 664 650 lumina,
701 581 732 632 et
760 568 878 636 summi
908 568 1003 636 etiam
1034 565 1208 634 Pontifices
1237 592 1314 656 pru·

272 686 398 758 diere?
425 709 576 772 quorsum
607 707 668 770 ego
694 662 1066 752 Marcellum'ceroinum
1086 676 1235 752 hocloco
1254 707 1315 749 uo·

287 802 429 870 minem?
457 801 512 888 qui
539 802 580 867 ob
606 800 767 887 insignem
795 802 924 870 virtutis
946 817 977 868 et
997 801 1315 892 sapientiaelaudem

269 918 328 988 ,ad
360 943 544 1008 supremum
574 919 786 984 sacerdotium
816 934 863 985 est
894 929 1038 987 euectusr
1070 918 1123 1005 qui
1155 943 1229 985 oum
1259 917 1315 982 diu

288 1053 392 1102 tenum
420 1037 499 1103 olim
525 1035 783 1121 familiariterque
809 1035 962 1119 vixisset,
982 1037 1170 1122 grauissimo
1190 1051 1246 1102 tuo
1264 1050 1314 1099 te·

260 1195 274 1226 a
288 1154 456 1238 stimonio,
476 1170 512 1220 ut
531 1178 591 1243 par
612 1167 669 1237 est,
690 1176 755 1218 non
776 1177 845 1237 sua,
868 1177 886 1219 a
907 1178 968 1240 qua
987 1153 1174 1240 longissime
1192 1152 1312 1234 aberat,

197 1284 200 1289 ’
232 1263 234 1266 ’
271 1272 474 1353 ;ιιιιιΙ)ι“ιὶοιιο;
502 1271 654 1339 virtutum
680 1293 813 1337 suarum
839 1272 928 1356 quasi
954 1272 1106 1358 gradibus
1134 1270 1176 1334 ad
1204 1292 1314 1340 ‚saeros

288 1413 325 1454 au
361 1412 502 1455 summos
539 1389 675 1456 honores
709 1388 887 1471 adscendit,
929 1412 1023 1473 quem
1053 1402 1157 1453 tamen
1187 1371 1315 1454 videtur

274 1507 380 1574 Deus
409 1506 574 1572 ostendero
596 1505 703 1592 potius
725 1506 911 1572 mortalibus
929 1505 1086 1587 uoluisse,
1098 1526 1208 1591 ⁴qutun.
1224 1503 1312 1584 dm,

271 1625 403 1712 ,quippe
423 1623 478 1709 qui
497 1621 607 1711 pausis
629 1622 740 1690 diebus
760 1623 858 1690 fuerit
879 1624 914 1690 in
932 1622 1122 1711 Apostolino
1142 1621 1200 1687 illo
1219 1619 1310 1686 fasti·

214 1823 216 1828 Ι
287 1741 342 1828 gio
364 1756 537 1829 superstes,
557 1753 643 1809 utet
663 1740 758 1807 illum
777 1755 864 1808 tanto
884 1742 1005 1808 honore
1025 1738 1263 1824 dignissimum,
1280 1752 1311 1804 et

278 1883 347 1927 nos
373 1875 459 1925 tauto
486 1872 610 1944 pastore
636 1880 701 1922 uon
726 1858 803 1924 satis
822 1859 957 1924 fortasse
977 1856 1092 1942 dignos
1112 1856 1311 1925 essedsela·

274 1989 383 2049 sanet.
431 1972 553 2039 Omitto
581 1976 812 2040 Bemurdiaum
843 1977 1025 2062 Maffaeum
1054 1988 1086 2039 et
1114 1975 1312 2056 Ardirrghel-

288 2093 380 2174 lium,
414 2087 618 2174 cardinales,
650 2090 704 2175 qui
733 2090 815 2157 illud
847 2114 1007 2179 purpurae
1037 2090 1131 2156 decus
1167 2090 1311 2156 e'domo

274 2224 343 2284 ‚tua
356 2189 545 2291 retulerunt,
566 2207 649 2293 quod
664 2206 797 2274 illorum
812 2209 926 2274 merita
942 2207 1153 2294 postulabant.
1175 2210 1312 2274 Ioannes

287 2326 444 2398 Antonius
460 2327 695 2409 Faustinam,
716 2323 787 2411 qui,
808 2348 883 2390 cum
903 2325 1044 2412 primum
1056 2323 1195 2391 Romam
1208 2321 1309 2406 uenit,

275 2439 323 2516 ,ln
358 2455 486 2508 tuorum
522 2465 655 2509 numero
687 2442 930 2508 domesticorum
958 2465 1033 2508 oum
1062 2442 1312 2513 summaplaude

286 2575 430 2627 versatus
461 2573 526 2642 est3
555 2559 628 2626 inde
658 2558 861 2626 Tridentino
877 2557 1023 2632 Concilio
1048 2557 1212 2642 interfuit,
1241 2572 1311 2624 tum

285 2674 438 2744 Venetiss
469 2700 488 2744 a
518 2675 580 2744 Pio
610 2675 654 2744 V.
685 2677 819 2761 missus,
840 2675 1053 2761 *legationem
1086 2698 1209 2742 summa
1236 2694 1310 2742 eum

279 2791 439 2878 dignitate
470 2794 567 2877 obiit,
605 2794 720 2861 deinde
748 2804 774 2859 ι’
803 2795 956 2877 Gregorio
986 2796 1096 2860 XIII.
1128 2791 1309 2858 Gurdinalis

286 2926 409 2979 oreatus
437 2926 500 2978 esta
528 2914 584 2980 vel
612 2936 694 2979 unus
722 2925 823 3000 potest
847 2918 919 2976 esse
944 2909 1038 2975 huius
1062 2907 1217 2985 rei-testis
1235 2908 1308 2975 ido·

283 3052 380 3113 neus,
412 3029 467 3118 qui
500 3053 586 3096 nuuc
614 3028 651 3096 in
680 3030 742 3095 hoe
766 3041 965 3095 sacrosancto
987 3024 1123 3092 Panum
1149 3024 1306 3112 collegio,

274 3169 399 3232 magno
426 3147 510 3236 apud
536 3171 646 3215 omnes
667 3126 717 3214 est
741 3145 776 3213 in
797 3147 935 3229 honore,
959 3145 1002 3210 ob
1021 3145 1130 3228 legum
1148 3143 1308 3210 hnmana-

274 3284 357 3342 rum
386 3285 424 3328 ae
450 3263 631 3349 divinarum
651 3262 832 3346 scientiam,
856 3257 975 3348 quibus
987 3258 1185 3348 potissimum
1206 3260 1307 3326 fultus

276 3377 470 3465 praesidiis,
489 3381 590 3446 mults
610 3395 641 3446 et
660 3376 848 3466 gravissima
868 3401 967 3445 onera
985 3396 1045 3465 pro
1065 3375 1216 3462 dignitate
1236 3400 1307 3460 sus·

275 3493 361 3567 tinet
380 3494 415 3560 iu
435 3493 703 3563 Ecclesia'saneta
724 3520 782 3583 pro
801 3495 924 3563 viribus
944 3494 1151 3584 sublevanda.'
1180 3492 1306 3560 Verum

273 3635 322 3676 -ue
347 3611 384 3678 in
411 3613 471 3678 dar
490 3637 525 3678 re
544 3614 671 3699 longius
690 3613 869 3699 digrediar,
886 3619 989 3700 'quam
1010 3612 1168 3696 aut'leges
1182 3609 1307 3698 episto·

280 3727 342 3794 lae
357 3729 534 3818 patiantur,
562 3745 616 3798 ant
636 3731 721 3799 vires
740 3755 829 3800 ureae
849 3733 936 3797 serre
954 3729 1094 3820 possint,
1121 3726 1162 3792 ad
1182 3726 1306 3795 institu-

233 3879 235 3886 ·
279 3860 347 3912 tam
384 3847 425 3912 da
459 3848 618 3918 avunculo
654 3873 727 3917 meo
763 3848 976 3916 narrationem
1011 3857 1218 3913 revertamur.
1269 3842 1306 3910 Is

282 3985 362 4050 ergo
393 3964 480 4032 domi
514 3979 587 4032 tuae
613 3966 841 4037 Tridentinu'm
868 3961 1068 4045 Consilium,
1102 3977 1134 4051 et
1159 3961 1307 4029 Gateclri-

283 4103 407 4166 smum,
429 4079 483 4150 Pii
503 4081 546 4151 Vr
567 4083 675 4170 iussu,
703 4085 739 4152 in
766 4106 915 4171 meeum
942 4103 986 4149 ex
1010 4078 1113 4167 letiuq
1136 4079 1304 4166 convertit,
